00100000         2965333100001400028509430014       0296290000000178772 CONTADOR AMIGO LTDA. - ME     BANCO DO BRASIL                         21503201801055100096803000000507461064PROCESSAMEN                                                 
00100011T0100020 20965333100001400028509430014       0296290000000178772 CONTADOR AMIGO LTDA. - ME                                                                                     000000001503201800000000  000000000                      
0010001300001T 020296290000000178772 28509430517880000   70000000000000012603201800000000000650000103086400000000000000000000000000900000000000010000000000000000000000000000000000000000   0000000000000000000000000A9        170192850943     
0010001300002U 020000000000000000000000000000000000000000000000000000000000000000000000000000000000000000000000000000000000000000000000001503201800000000            000000000000000                              000                           
0010001300003T 020296290000000178772 28509430522870000   70000000000000010304201800000000000650000100394800000000000000000000000000900000000000010000000000000000000000000000000000000000   0000000000000000000000000A9        170192850943     
0010001300004U 020000000000000000000000000000000000000000000000000000000000000000000000000000000000000000000000000000000000000000000000001503201800000000            000000000000000                              000                           
0010001300005T 020296290000000178772 28509430524040000   70000000000000011404201800000000000650000100301800000000000000000000000000900000000000010000000000000000000000000000000000000000   0000000000000000000000000A9        170192850943     
0010001300006U 020000000000000000000000000000000000000000000000000000000000000000000000000000000000000000000000000000000000000000000000001503201800000000            000000000000000                              000                           
0010001300007T 020296290000000178772 28509430524390000   70000000000000011404201800000000000650000100608400000000000000000000000000900000000000010000000000000000000000000000000000000000   0000000000000000000000000A9        170192850943     
0010001300008U 020000000000000000000000000000000000000000000000000000000000000000000000000000000000000000000000000000000000000000000000001503201800000000            000000000000000                              000                           
0010001300009T 020296290000000178772 28509430524410000   70000000000000011404201800000000000650000100082500000000000000000000000000900000000000010000000000000000000000000000000000000000   0000000000000000000000000A9        170192850943     
0010001300010U 020000000000000000000000000000000000000000000000000000000000000000000000000000000000000000000000000000000000000000000000001503201800000000            000000000000000                              000                           
0010001300011T 020296290000000178772 28509430524600000   70000000000000011404201800000000001300000100301800000000000000000000000000900000000000010500000000000000000000000000000000000000   0000000000000000000000000A9A4      170192850943     
0010001300012U 020000000000000000000000000000000000000000000000000000000000000000000000000000000000000000000000000000000000000000000000001503201800000000            000000000000000                              000                           
0010001300013T 020296290000000178772 28509430524620000   70000000000000011404201800000000000650000101213000000000000000000000000000900000000000010000000000000000000000000000000000000000   0000000000000000000000000A9        170192850943     
0010001300014U 020000000000000000000000000000000000000000000000000000000000000000000000000000000000000000000000000000000000000000000000001503201800000000            000000000000000                              000                           
0010001300015T 020296290000000178772 28509430524700000   70000000000000011404201800000000000650000100028000000000000000000000000000900000000000010000000000000000000000000000000000000000   0000000000000000000000000A9        170192850943     
0010001300016U 020000000000000000000000000000000000000000000000000000000000000000000000000000000000000000000000000000000000000000000000001503201800000000            000000000000000                              000                           
0010001300017T 020296290000000178772 28509439051030000   70000000000000011603201800000000001381000103086400000000000000000000000000900000000000010500000000000000000000000000000000000000   0000000000000000000000000A9A4      170192850943     
0010001300018U 020000000000000000000000000000000000000000000000000000000000000000000000000000000000000000000000000000000000000000000000001503201800000000            000000000000000                              000                           
0010001300019T 060296290000000178772 28509430192460000   70000000000000011503201800000000003540013000079000000000000000000000000000900000000000010000000000000000000000000000000000000000   000000000000000000000035000        170192850943     
0010001300020U 060000000000000000000000000000000000000000000000000000000000000000000000130000000000000350500000000000000000000000000000001503201816032018            000000000000000                              000                           
0010001300021T 060296290000000178772 28509439048980000   70000000000000012802201800000000005000034106892000000000000000000000000000900000000000010000000000000000000000000000000000000000   000000000000000000000035000        170192850943     
0010001300022U 060000000000000130000000000000000000000000000000000000000000000000000000500000000000000061630000000000000000000000000000001503201816032018            000000000000000                              000                           
0010001300023T 060296290000000178772 28509439048990000   70000000000000011203201800000000000650023701823000000000000000000000000000900000000000010000000000000000000000000000000000000000   000000000000000000000035000        170192850943     
0010001300024U 060000000000000130000000000000000000000000000000000000000000000000000000065130000000000061630000000000000000000000000000001503201816032018            000000000000000                              000                           
0010001300025T 060296290000000178772 28509430192450000   70000000000000011303201800000000001300034100064000000000000000000000000000900000000000010000000000000000000000000000000000000000   000000000000000000000035000        170192850943     
0010001300026U 060000000000000130000000000000000000000000000000000000000000000000000000130000000000000061630000000000000000000000000000001503201816032018            000000000000000                              000                           
0010001300027T 060296290000000178772 28509430514700000   70000000000000011103201800000000000650034106458000000000000000000000000000900000000000010000000000000000000000000000000000000000   000000000000000000000035000        170192850943     
0010001300028U 060000000000000130000000000000000000000000000000000000000000000000000000065130000000000061630000000000000000000000000000001503201816032018            000000000000000                              000                           
0010001300029T 060296290000000178772 28509430515590000   70000000000000011503201800000000000650034100706000000000000000000000000000900000000000010000000000000000000000000000000000000000   000000000000000000000035000        170192850943     
0010001300030U 060000000000000000000000000000000000000000000000000000000000000000000000065000000000000061500000000000000000000000000000001503201816032018            000000000000000                              000                           
0010001300031T 060296290000000178772 28509430523490000   70000000000000010604201800000000001300003303793000000000000000000000000000900000000000010000000000000000000000000000000000000000   000000000000000000000035000        170192850943     
0010001300032U 060000000000000000000000000000000000000000000000000000000000000000000000130000000000000126500000000000000000000000000000001503201816032018            000000000000000                              000                           
0010001300033T 060296290000000178772 28509439051030000   70000000000000011603201800000000001381010400217000000000000000000000000000900000000000010000000000000000000000000000000000000000   000000000000000000000035000        170192850943     
0010001300034U 060000000000000000000000000000000000000000000000000000000000000000000000138100000000000134600000000000000000000000000000001503201816032018            000000000000000                              000                           
0010001300035T 090296290000000178772 28509430503050000   70000000000000011402201800000000001300000102557700000000000000000000000000900000000000000000000000000000000000000000000000000000   000000000000000000000000009        170192850943     
0010001300036U 090000000000000000000000000000000000000000000000000000000000000000000000000000000000000000000000000000000000000000000000001503201800000000            000000000000000                              000                           
0010001300037T 090296290000000178772 28509430503450000   70000000000000011402201800000000012480000100051500000000000000000000000000900000000000000000000000000000000000000000000000000000   000000000000000000000000009        170192850943     
0010001300038U 090000000000000000000000000000000000000000000000000000000000000000000000000000000000000000000000000000000000000000000000001503201800000000            000000000000000                              000                           
0010001300039T 090296290000000178772 28509431503450000   70000000000000011402201800000000001300000100051500000000000000000000000000900000000000000000000000000000000000000000000000000000   000000000000000000000000009        170192850943     
0010001300040U 090000000000000000000000000000000000000000000000000000000000000000000000000000000000000000000000000000000000000000000000001503201800000000            000000000000000                              000                           
00100015         000042000272000000000034599650000000000000000000000000000000000000000000000000000000000000000000000000000000000000000000000000000                                                                                              
00199999         000001000044000000                                                                                                                                                            00000000000000000000000000000                    
