00100000         2965333100001400028509430014       0296290000000178772 CONTADOR AMIGO LTDA. - ME     BANCO DO BRASIL                         22003201801315700097403000000507461064PROCESSAMEN                                                 
00100011T0100020 20965333100001400028509430014       0296290000000178772 CONTADOR AMIGO LTDA. - ME                                                                                     000000002003201800000000  000000000                      
0010001300001T 020296290000000178772 28509430192460000   70000000000000011904201800000000001300000102802900000000000000000000000000900000000000010000000000000000000000000000000000000000   0000000000000000000000000A9        170192850943     
0010001300002U 020000000000000000000000000000000000000000000000000000000000000000000000000000000000000000000000000000000000000000000000002003201800000000            000000000000000                              000                           
0010001300003T 020296290000000178772 28509439048980000   70000000000000011904201800000000005000000100301800000000000000000000000000900000000000010500000000000000000000000000000000000000   0000000000000000000000000A9A4      170192850943     
0010001300004U 020000000000000000000000000000000000000000000000000000000000000000000000000000000000000000000000000000000000000000000000002003201800000000            000000000000000                              000                           
0010001300005T 020296290000000178772 28509439048990000   70000000000000011004201800000000000650000102700600000000000000000000000000900000000000010000000000000000000000000000000000000000   0000000000000000000000000A9        170192850943     
0010001300006U 020000000000000000000000000000000000000000000000000000000000000000000000000000000000000000000000000000000000000000000000002003201800000000            000000000000000                              000                           
0010001300007T 020296290000000178772 28509430192450000   70000000000000011404201800000000001300000100138400000000000000000000000000900000000000010000000000000000000000000000000000000000   0000000000000000000000000A9        170192850943     
0010001300008U 020000000000000000000000000000000000000000000000000000000000000000000000000000000000000000000000000000000000000000000000002003201800000000            000000000000000                              000                           
0010001300009T 020296290000000178772 28509430525720000   70000000000000011704201800000000000650000103086400000000000000000000000000900000000000010000000000000000000000000000000000000000   0000000000000000000000000A9        170192850943     
0010001300010U 020000000000000000000000000000000000000000000000000000000000000000000000000000000000000000000000000000000000000000000000002003201800000000            000000000000000                              000                           
0010001300011T 020296290000000178772 28509430525730000   70000000000000011904201800000000000650000100301800000000000000000000000000900000000000010000000000000000000000000000000000000000   0000000000000000000000000A9        170192850943     
0010001300012U 020000000000000000000000000000000000000000000000000000000000000000000000000000000000000000000000000000000000000000000000002003201800000000            000000000000000                              000                           
0010001300013T 020296290000000178772 28509430525750000   70000000000000011904201800000000000650000100301800000000000000000000000000900000000000010000000000000000000000000000000000000000   0000000000000000000000000A9        170192850943     
0010001300014U 020000000000000000000000000000000000000000000000000000000000000000000000000000000000000000000000000000000000000000000000002003201800000000            000000000000000                              000                           
0010001300015T 020296290000000178772 28509430525920000   70000000000000012003201800000000001890000100717X00000000000000000000000000900000000000010000000000000000000000000000000000000000   0000000000000000000000000A9        170192850943     
0010001300016U 020000000000000000000000000000000000000000000000000000000000000000000000000000000000000000000000000000000000000000000000002003201800000000            000000000000000                              000                           
0010001300017T 060296290000000178772 28509430493830000   70000000000000012303201800000000001890034106967000000000000000000000000000900000000000010000000000000000000000000000000000000000   000000000000000000000035000        170192850943     
0010001300018U 060000000000000000000000000000000000000000000000000000000000000000000000189000000000000185500000000000000000000000000000002003201821032018            000000000000000                              000                           
0010001300019T 060296290000000178772 28509430512700000   70000000000000010803201800000000001300023707057000000000000000000000000000900000000000010000000000000000000000000000000000000000   000000000000000000000035000        170192850943     
0010001300020U 060000000000000260000000000000000000000000000000000000000000000000000000130260000000000126760000000000000000000000000000002003201821032018            000000000000000                              000                           
0010001300021T 060296290000000178772 28509430513360000   70000000000000010603201800000000000650010400271000000000000000000000000000900000000000010000000000000000000000000000000000000000   000000000000000000000035000        170192850943     
0010001300022U 060000000000000130000000000000000000000000000000000000000000000000000000065130000000000061630000000000000000000000000000002003201821032018            000000000000000                              000                           
0010001300023T 060296290000000178772 28509430514630000   70000000000000011003201800000000000650000101610100000000000000000000000000900000000000010000000000000000000000000000000000000000   000000000000000000000035000        170192850943     
0010001300024U 060000000000000130000000000000000000000000000000000000000000000000000000065130000000000061630000000000000000000000000000002003201821032018            000000000000000                              000                           
0010001300025T 060296290000000178772 28509430514660000   70000000000000011003201800000000000650003300641000000000000000000000000000900000000000010000000000000000000000000000000000000000   000000000000000000000035000        170192850943     
0010001300026U 060000000000000130000000000000000000000000000000000000000000000000000000065130000000000061630000000000000000000000000000002003201821032018            000000000000000                              000                           
0010001300027T 060296290000000178772 28509430516100000   70000000000000011803201800000000000650003301542000000000000000000000000000900000000000010000000000000000000000000000000000000000   000000000000000000000035000        170192850943     
0010001300028U 060000000000000130000000000000000000000000000000000000000000000000000000065130000000000061630000000000000000000000000000002003201821032018            000000000000000                              000                           
0010001300029T 060296290000000178772 28509430516780000   70000000000000012603201800000000000650000104881X00000000000000000000000000900000000000010000000000000000000000000000000000000000   000000000000000000000035000        170192850943     
0010001300030U 060000000000000000000000000000000000000000000000000000000000000000000000065000000000000061500000000000000000000000000000002003201821032018            000000000000000                              000                           
0010001300031T 060296290000000178772 28509430517320000   70000000000000012203201800000000000650007700001000000000000000000000000000900000000000010000000000000000000000000000000000000000   000000000000000000000035000        170192850943     
0010001300032U 060000000000000000000000000000000000000000000000000000000000000000000000065000000000000061500000000000000000000000000000002003201821032018            000000000000000                              000                           
0010001300033T 060296290000000178772 28509430525920000   70000000000000012003201800000000001890023702892000000000000000000000000000900000000000010000000000000000000000000000000000000000   000000000000000000000035000        170192850943     
0010001300034U 060000000000000000000000000000000000000000000000000000000000000000000000189000000000000185500000000000000000000000000000002003201821032018            000000000000000                              000                           
0010001300035T 170296290000000178772 28509430525970000   7               00000000000000000013000001056022                         0900000000000010000000000000000000000000000000000000000   000000000000000000000070003        170192850943     
0010001300036U 170000000000000000000000000000000000000000000000000000000000000000000000130000000000000123000000000000000000000000000000002003201821032018            000000000000000                              000                           
0010001300037T 170296290000000178772 28509430526090000   7               00000000000000000006500237006630                         0900000000000010000000000000000000000000000000000000000   000000000000000000000070003        170192850943     
0010001300038U 170000000000000000000000000000000000000000000000000000000000000000000000065000000000000058000000000000000000000000000000002003201821032018            000000000000000                              000                           
0010001300039T 090296290000000178772 28509430506910000   70000000000000011902201800000000000650000103477000000000000000000000000000900000000000000000000000000000000000000000000000000000   000000000000000000000000009        170192850943     
0010001300040U 090000000000000000000000000000000000000000000000000000000000000000000000000000000000000000000000000000000000000000000000002003201800000000            000000000000000                              000                           
0010001300041T 030296290000000178772 28509430525670000   70000000000000011903201800000000001300000100000 00000000000000000000000000900000000000000000000000000000000000000000000000000000   000000000000000000000000017        170192850943     
0010001300042U 030000000000000000000000000000000000000000000000000000000000000000000000000000000000000000000000000000000000000000000000002003201800000000            000000000000000                              000                           
00100015         000044000267000000000033120310000000000000000000000000000000000000000000000000000000000000000000000000000000000000000000000000000                                                                                              
00199999         000001000046000000                                                                                                                                                            00000000000000000000000000000                    
