00100000         2965333100001400028509430014       0296290000000178772 CONTADOR AMIGO LTDA. - ME     BANCO DO BRASIL                         22103201801271200097603000000507461064PROCESSAMEN                                                 
00100011T0100020 20965333100001400028509430014       0296290000000178772 CONTADOR AMIGO LTDA. - ME                                                                                     000000002103201800000000  000000000                      
0010001300001T 020296290000000178772 28509430192460000   70000000000000012103201800000000000651800100301800000000000000000000000000900000000000010000000000000000000000000000000000000000   0000000000000000000000000A9        170192850943     
0010001300002U 020000000000000000000000000000000000000000000000000000000000000000000000000000000000000000000000000000000000000000000000002103201800000000            000000000000000                              000                           
0010001300003T 020296290000000178772 28509439048980000   70000000000000012004201800000000005000000100301800000000000000000000000000900000000000010000000000000000000000000000000000000000   0000000000000000000000000A9        170192850943     
0010001300004U 020000000000000000000000000000000000000000000000000000000000000000000000000000000000000000000000000000000000000000000000002103201800000000            000000000000000                              000                           
0010001300005T 020296290000000178772 28509439048990000   70000000000000010604201800000000000650000100301800000000000000000000000000900000000000010000000000000000000000000000000000000000   0000000000000000000000000A9        170192850943     
0010001300006U 020000000000000000000000000000000000000000000000000000000000000000000000000000000000000000000000000000000000000000000000002103201800000000            000000000000000                              000                           
0010001300007T 020296290000000178772 28509430523510000   70000000000000010504201800000000001300000102390600000000000000000000000000900000000000010000000000000000000000000000000000000000   0000000000000000000000000A9        170192850943     
0010001300008U 020000000000000000000000000000000000000000000000000000000000000000000000000000000000000000000000000000000000000000000000002103201800000000            000000000000000                              000                           
0010001300009T 020296290000000178772 28509430524360000   70000000000000010804201800000000001300000103086400000000000000000000000000900000000000010000000000000000000000000000000000000000   0000000000000000000000000A9        170192850943     
0010001300010U 020000000000000000000000000000000000000000000000000000000000000000000000000000000000000000000000000000000000000000000000002103201800000000            000000000000000                              000                           
0010001300011T 020296290000000178772 28509430524780000   70000000000000011004201800000000000650000101452400000000000000000000000000900000000000010000000000000000000000000000000000000000   0000000000000000000000000A9        170192850943     
0010001300012U 020000000000000000000000000000000000000000000000000000000000000000000000000000000000000000000000000000000000000000000000002103201800000000            000000000000000                              000                           
0010001300013T 020296290000000178772 28509430525290000   70000000000000011604201800000000003540000100301800000000000000000000000000900000000000010000000000000000000000000000000000000000   0000000000000000000000000A9        170192850943     
0010001300014U 020000000000000000000000000000000000000000000000000000000000000000000000000000000000000000000000000000000000000000000000002103201800000000            000000000000000                              000                           
0010001300015T 020296290000000178772 28509430525370000   70000000000000012004201800000000001300000100301800000000000000000000000000900000000000010500000000000000000000000000000000000000   0000000000000000000000000A9A4      170192850943     
0010001300016U 020000000000000000000000000000000000000000000000000000000000000000000000000000000000000000000000000000000000000000000000002103201800000000            000000000000000                              000                           
0010001300017T 020296290000000178772 28509430525740000   70000000000000012004201800000000000650000101849X00000000000000000000000000900000000000010000000000000000000000000000000000000000   0000000000000000000000000A9        170192850943     
0010001300018U 020000000000000000000000000000000000000000000000000000000000000000000000000000000000000000000000000000000000000000000000002103201800000000            000000000000000                              000                           
0010001300019T 020296290000000178772 28509430526180000   70000000000000011804201800000000000650000100021300000000000000000000000000900000000000010000000000000000000000000000000000000000   0000000000000000000000000A9        170192850943     
0010001300020U 020000000000000000000000000000000000000000000000000000000000000000000000000000000000000000000000000000000000000000000000002103201800000000            000000000000000                              000                           
0010001300021T 020296290000000178772 28509430526220000   70000000000000012004201800000000000650000103086400000000000000000000000000900000000000010000000000000000000000000000000000000000   0000000000000000000000000A9        170192850943     
0010001300022U 020000000000000000000000000000000000000000000000000000000000000000000000000000000000000000000000000000000000000000000000002103201800000000            000000000000000                              000                           
0010001300023T 020296290000000178772 28509430526370000   70000000000000012103201800000000000650000103086400000000000000000000000000900000000000010000000000000000000000000000000000000000   0000000000000000000000000A9        170192850943     
0010001300024U 020000000000000000000000000000000000000000000000000000000000000000000000000000000000000000000000000000000000000000000000002103201800000000            000000000000000                              000                           
0010001300025T 060296290000000178772 28509430490040000   70000000000000011103201800000000001890003303722000000000000000000000000000900000000000010000000000000000000000000000000000000000   000000000000000000000035000        170192850943     
0010001300026U 060000000000003880000000000000000000000000000000000000000000000000000000192880000000000189380000000000000000000000000000002103201822032018            000000000000000                              000                           
0010001300027T 060296290000000178772 28509430516090000   70000000000000011703201800000000000650034106665000000000000000000000000000900000000000010000000000000000000000000000000000000000   000000000000000000000035000        170192850943     
0010001300028U 060000000000000130000000000000000000000000000000000000000000000000000000065130000000000061630000000000000000000000000000002103201822032018            000000000000000                              000                           
0010001300029T 060296290000000178772 28509430517110000   70000000000000012103201800000000000650023701347000000000000000000000000000900000000000010000000000000000000000000000000000000000   000000000000000000000035000        170192850943     
0010001300030U 060000000000000000000000000000000000000000000000000000000000000000000000065000000000000061500000000000000000000000000000002103201822032018            000000000000000                              000                           
0010001300031T 060296290000000178772 28509430518590000   70000000000000012103201800000000000510000104287000000000000000000000000000900000000000010000000000000000000000000000000000000000   000000000000000000000035000        170192850943     
0010001300032U 060000000000000000000000000000000000000000000000000000000000000000000000051000000000000047500000000000000000000000000000002103201822032018            000000000000000                              000                           
0010001300033T 060296290000000178772 28509430525290000   70000000000000011604201800000000003540000101554700000000000000000000000000900000000000010000000000000000000000000000000000000000   000000000000000000000035000        170192850943     
0010001300034U 060000000000000000000000000000000000000000000000000000000000000000000000354000000000000350500000000000000000000000000000002103201822032018            000000000000000                              000                           
0010001300035T 060296290000000178772 28509430526370000   70000000000000012103201800000000000650034108417000000000000000000000000000900000000000010000000000000000000000000000000000000000   000000000000000000000035000        170192850943     
0010001300036U 060000000000000000000000000000000000000000000000000000000000000000000000065000000000000061500000000000000000000000000000002103201822032018            000000000000000                              000                           
0010001300037T 090296290000000178772 28509430506900000   70000000000000012002201800000000000650000100301800000000000000000000000000900000000000000000000000000000000000000000000000000000   000000000000000000000000009        170192850943     
0010001300038U 090000000000000000000000000000000000000000000000000000000000000000000000000000000000000000000000000000000000000000000000002103201800000000            000000000000000                              000                           
0010001300039T 090296290000000178772 28509430516620000   70000000000000012002201800000000000650000103477000000000000000000000000000900000000000000000000000000000000000000000000000000000   000000000000000000000000009        170192850943     
0010001300040U 090000000000000000000000000000000000000000000000000000000000000000000000000000000000000000000000000000000000000000000000002103201800000000            000000000000000                              000                           
0010001300041T 090296290000000178772 28509439048630000   70000000000000012002201800000000001300000100804400000000000000000000000000900000000000000000000000000000000000000000000000000000   000000000000000000000000009        170192850943     
0010001300042U 090000000000000000000000000000000000000000000000000000000000000000000000000000000000000000000000000000000000000000000000002103201800000000            000000000000000                              000                           
0010001300043T 030296290000000178772 28509430525970000   70000000000000012003201800000000001300000100000 00000000000000000000000000900000000000000000000000000000000000000000000000000000   000000000000000000000000017        170192850943     
0010001300044U 030000000000000000000000000000000000000000000000000000000000000000000000000000000000000000000000000000000000000000000000002103201800000000            000000000000000                              000                           
0010001300045T 030296290000000178772 28509430526090000   70000000000000012003201800000000000650000100000 00000000000000000000000000900000000000000000000000000000000000000000000000000000   000000000000000000000000017        170192850943     
0010001300046U 030000000000000000000000000000000000000000000000000000000000000000000000000000000000000000000000000000000000000000000000002103201800000000            000000000000000                              000                           
00100015         000048000270000000000033632490000000000000000000000000000000000000000000000000000000000000000000000000000000000000000000000000000                                                                                              
00199999         000001000050000000                                                                                                                                                            00000000000000000000000000000                    
