00100000         296533310000140002850943001417019  0296290000000178772 CONTADOR AMIGO LTDA. - ME     BANCO DO BRASIL S.A                     130082017170813000000000                                                                          
00100011R01  000 2096533310000140002850943001417019  0296290000000178772 CONTADOR AMIGO LTDA. - ME                                                                                     0000000030082017                                         
0010001300001P 010296290000000178772 28509430191160000   7  220000000000000012204201800000000001260000000 02N3008201720000000000000000000002200000000000000000000000000000000000000000000000000000000000000000000000000000003000000090000000000 
0010001300002Q 012022333444555506CONTADOR AMIGO LTDA. - MEI              RUA SANTA CLARA, 378                    PINHEIROS CACHA02990970ARARICA        RS                                                        000                    00000000
0010001300003R 010000000000000000000000000000000000000000000000001220420180000000000002520000000000000000000000000000000000000000000000000000000000000000000000000000000000000000000000000000000000000000000000000000000000000000000000         
0010001300004P 010296290000000178772 28509439004900000   7  220000000000000013008201700000000001500000000 02N3008201720000000000000000000002200000000000000000000000000000000000000000000000000000000000000000000000000000003000000090000000000 
0010001300005Q 012022333444555506CONTADOR AMIGO LTDA. - MEI              RUA SANTA CLARA, 378                    PINHEIROS CACHA02990970ARARICA        RS                                                        000                    00000000
0010001300006R 010000000000000000000000000000000000000000000000000000000000000000000000000000000000000000000000000000000000000000000000000000000000000000000000000000000000000000000000000000000000000000000000000000000000000000000000         
0010001300007P 010296290000000178772 28509439004910000   7  220000000000000013008201700000000000760000000 02N3008201720000000000000000000002200000000000000000000000000000000000000000000000000000000000000000000000000000003000000090000000000 
0010001300008Q 012022333444555506CONTADOR AMIGO LTDA. - MEI              RUA SANTA CLARA, 378                    PINHEIROS CACHA02990970ARARICA        RS                                                        000                    00000000
0010001300009R 010000000000000000000000000000000000000000000000000000000000000000000000000000000000000000000000000000000000000000000000000000000000000000000000000000000000000000000000000000000000000000000000000000000000000000000000         
00100015         000011                                                                                                                                                                                                                         
00199999         000001000013                                                                                                                                                                                                                   
