00100000         296533310000140002850943001417019  0296290000000178772 CONTADOR AMIGO LTDA. - ME     BANCO DO BRASIL S.A                     116102017101041000000000                                                                          
00100011R01  000 2096533310000140002850943001417019  0296290000000178772 CONTADOR AMIGO LTDA. - ME                                                                                     0000000016102017                                         
0010001300001P 010296290000000178772 28509430191680000   7  220000000000000011710201700000000001260000000 02N1610201720000000000000000000002200000000000000000000000000000000000000000000000000000000000000000000000000000003000000090000000000 
0010001300002Q 012022333444555506CONTADOR AMIGO LTDA. - MEI              RUA SANTA CLARA, 378                    PINHEIROS CACHA02990970AGROLANDIA     SC                                                        000                    00000000
0010001300003R 010000000000000000000000000000000000000000000000001171020170000000000002520000000000000000000000000000000000000000000000000000000000000000000000000000000000000000000000000000000000000000000000000000000000000000000000         
00100015         000005                                                                                                                                                                                                                         
00199999         000001000007                                                                                                                                                                                                                   
