00100000         296533310000140002850943001417019  0296290000000178772 CONTADOR AMIGO LTDA. - ME     BANCO DO BRASIL S.A                     122032018150358000000000                                                                          
00100011R01  000 2096533310000140002850943001417019  0296290000000178772 CONTADOR AMIGO LTDA. - ME                                                                                     0000000022032018                                         
0010001300001P 010296290000000178772 28509430192460000   7  220000000000000012104201800000000001300000000 02N2203201820000000000000000000002200000000000000000000000000000000000000000000000000000000000000000000000000000003000000090000000000 
0010001300002Q 012096533310000140CONTADOR AMIGO LTDA. - ME               AV. DAS NACOES UNIDAS, 8501 - 17  ANDAR PINHEIROS      05425070SAO PAULO      SP                                                        000                    00000000
0010001300003R 010000000000000000000000000000000000000000000000001210420180000000000000260000000000000000000000000000000000000000000000000000000000000000000000000000000000000000000000000000000000000000000000000000000000000000000000         
0010001300004P 010296290000000178772 28509439048980000   7  220000000000000012303201800000000005000000000 02N2203201820000000000000000000002200000000000000000000000000000000000000000000000000000000000000000000000000000003000000090000000000 
0010001300005Q 012096533310000140CONTADOR AMIGO LTDA. - ME               AV. DAS NACOES UNIDAS, 8501 - 17  ANDAR PINHEIROS      05425070SAO PAULO      SP                                                        000                    00000000
0010001300006R 010000000000000000000000000000000000000000000000000000000000000000000000000000000000000000000000000000000000000000000000000000000000000000000000000000000000000000000000000000000000000000000000000000000000000000000000         
0010001300007P 010296290000000178772 28509439048990000   7  220000000000000012303201800000000000650000000 02N2203201820000000000000000000002200000000000000000000000000000000000000000000000000000000000000000000000000000003000000090000000000 
0010001300008Q 012096533310000140CONTADOR AMIGO LTDA. - ME               AV. DAS NACOES UNIDAS, 8501 - 17  ANDAR PINHEIROS      05425070SAO PAULO      SP                                                        000                    00000000
0010001300009R 010000000000000000000000000000000000000000000000000000000000000000000000000000000000000000000000000000000000000000000000000000000000000000000000000000000000000000000000000000000000000000000000000000000000000000000000         
00100015         000011                                                                                                                                                                                                                         
00199999         000001000013                                                                                                                                                                                                                   
