00100000         296533310000140002850943001417019  0296290000000178772 CONTADOR AMIGO LTDA. - ME     BANCO DO BRASIL S.A                     123032018160302000000000                                                                          
00100011R01  000 2096533310000140002850943001417019  0296290000000178772 CONTADOR AMIGO LTDA. - ME                                                                                     0000000023032018                                         
0010001300001P 010296290000000178772 28509430192530000   7  220000000000000012303201800000000001332600000 02N2303201820000000000000000000002200000000000000000000000000000000000000000000000000000000000000000000000000000003000000090000000000 
0010001300002Q 012096533310000140CONTADOR AMIGO LTDA. - ME               AV. DAS NACOES UNIDAS, 8501 - 17  ANDAR PINHEIROS      05425070SAO PAULO      SP                                                        000                    00000000
0010001300003R 010000000000000000000000000000000000000000000000000000000000000000000000000000000000000000000000000000000000000000000000000000000000000000000000000000000000000000000000000000000000000000000000000000000000000000000000         
0010001300004P 010296290000000178772 28509430192550000   7  220000000000000011904201800000000001300000000 02N2303201820000000000000000000002200000000000000000000000000000000000000000000000000000000000000000000000000000003000000090000000000 
0010001300005Q 012096533310000140CONTADOR AMIGO LTDA. - ME               AV. DAS NACOES UNIDAS, 8501 - 17  ANDAR PINHEIROS      05425070SAO PAULO      SP                                                        000                    00000000
0010001300006R 010000000000000000000000000000000000000000000000001190420180000000000000260000000000000000000000000000000000000000000000000000000000000000000000000000000000000000000000000000000000000000000000000000000000000000000000         
0010001300007P 010296290000000178772 28509430192560000   7  220000000000000012303201800000000001300000000 02N2303201820000000000000000000002200000000000000000000000000000000000000000000000000000000000000000000000000000003000000090000000000 
0010001300008Q 012096533310000140CONTADOR AMIGO LTDA. - ME               AV. DAS NACOES UNIDAS, 8501 - 17  ANDAR PINHEIROS      05425070SAO PAULO      SP                                                        000                    00000000
0010001300009R 010000000000000000000000000000000000000000000000001230320180000000000000260000000000000000000000000000000000000000000000000000000000000000000000000000000000000000000000000000000000000000000000000000000000000000000000         
0010001300010P 010296290000000178772 28509430192590000   7  220000000000000012303201800000000001300000000 02N2303201820000000000000000000002200000000000000000000000000000000000000000000000000000000000000000000000000000003000000090000000000 
0010001300011Q 012096533310000140CONTADOR AMIGO LTDA. - ME               AV. DAS NACOES UNIDAS, 8501 - 17  ANDAR PINHEIROS      05425070SAO PAULO      SP                                                        000                    00000000
0010001300012R 010000000000000000000000000000000000000000000000001230320180000000000000260000000000000000000000000000000000000000000000000000000000000000000000000000000000000000000000000000000000000000000000000000000000000000000000         
0010001300013P 010296290000000178772 28509430192600000   7  220000000000000012303201800000000001300000000 02N2303201820000000000000000000002200000000000000000000000000000000000000000000000000000000000000000000000000000003000000090000000000 
0010001300014Q 012096533310000140CONTADOR AMIGO LTDA. - ME               AV. DAS NACOES UNIDAS, 8501 - 17  ANDAR PINHEIROS      05425070SAO PAULO      SP                                                        000                    00000000
0010001300015R 010000000000000000000000000000000000000000000000001230320180000000000000260000000000000000000000000000000000000000000000000000000000000000000000000000000000000000000000000000000000000000000000000000000000000000000000         
0010001300016P 010296290000000178772 28509430192610000   7  220000000000000012303201800000000001300000000 02N2303201820000000000000000000002200000000000000000000000000000000000000000000000000000000000000000000000000000003000000090000000000 
0010001300017Q 012096533310000140CONTADOR AMIGO LTDA. - ME               AV. DAS NACOES UNIDAS, 8501 - 17  ANDAR PINHEIROS      05425070SAO PAULO      SP                                                        000                    00000000
0010001300018R 010000000000000000000000000000000000000000000000001230320180000000000000260000000000000000000000000000000000000000000000000000000000000000000000000000000000000000000000000000000000000000000000000000000000000000000000         
00100015         000020                                                                                                                                                                                                                         
00199999         000001000022                                                                                                                                                                                                                   
