00100000         296533310000140002850943001417019  0296290000000178772 CONTADOR AMIGO LTDA. - ME     BANCO DO BRASIL S.A                     124042018120405000000000                                                                          
00100011R01  000 2096533310000140002850943001417019  0296290000000178772 CONTADOR AMIGO LTDA. - ME                                                                                     0000000024042018                                         
0010001300001P 010296290000000178772 28509430193290000   7  220000000000000013004201800000000000070000000 02N2404201820000000000000000000002200000000000000000000000000000000000000000000000000000000000000000000000000000003000000090000000000 
0010001300002Q 012011111111111111MATHEUS                                 RUA CORREIOS MIRENO                     AAAA           11111111AGUAS DA PRATA SP                                                        000                    00000000
0010001300003R 010000000000000000000000000000000000000000000000001300420180000000000000140000000000000000000000000000000000000000000000000000000000000000000000000000000000000000000000000000000000000000000000000000000000000000000000         
00100015         000005                                                                                                                                                                                                                         
00199999         000001000007                                                                                                                                                                                                                   
