00100000         296533310000140002850943001417019  0296290000000178772 CONTADOR AMIGO LTDA. - ME     BANCO DO BRASIL S.A                     103052018130529000000000                                                                          
00100011R01  000 2096533310000140002850943001417019  0296290000000178772 CONTADOR AMIGO LTDA. - ME                                                                                     0000000003052018                                         
0010001300001P 010296290000000178772 28509430192970000   7  220000000000000012105201800000000001300000000 02N0305201820000000000000000000002200000000000000000000000000000000000000000000000000000000000000000000000000000003000000090000000000 
0010001300002Q 012096533310000140EMPRESA TESTE CONTADOR AMIGO            AV. DAS NACOES UNIDAS, 8501 - 17  ANDAR PINHEIROS      05425070SAO PAULO      SP                                                        000                    00000000
0010001300003R 01000000000000000000000000000000000000000000000000121052018|000000000000026|0000000000000000000000000000000000000000000000000000000000000000000000000000000000000000000000000000000000000000000000000000000000000000000000         
00100015         000005                                                                                                                                                                                                                         
00199999         000001000007                                                                                                                                                                                                                   
