00100000         296533310000140002850943001417019  0296290000000178772 CONTADOR AMIGO LTDA. - ME     BANCO DO BRASIL S.A                     101032017100359000000000                                                                          
00100011R01  000 2096533310000140002850943001417019  0296290000000178772 CONTADOR AMIGO LTDA. - ME                                                                                     0000000001032017                                         
0010001300001P 010296290000000178772 28509430302230000   7  220000000000000012807201700000000005880000000 02N0103201720000000000000000000002200000000000000000000000000000000000000000000000000000000000000000000000000000003000000090000000000 
0010001300002Q 012023156537000140ZSO ZELO SEGURANCA OCUPACIONAL LTDA ME  RUA CEL. MELO OLIVEIRA, 226, CJ. 161    PERDIZES       05011040SAO PAULO      SP                                                        000                    00000000
0010001300003R 010000000000000000000000000000000000000000000000001280720170000000000011760000000000000000000000000000000000000000000000000000000000000000000000000000000000000000000000000000000000000000000000000000000000000000000000         
0010001300004P 010296290000000178772 28509439011580000   7  220000000000000010103201700000000001500000000 02N0103201720000000000000000000002200000000000000000000000000000000000000000000000000000000000000000000000000000003000000090000000000 
0010001300005Q 012017839113000188NELY BACIC CAVALCANTE - ME              RUA CROATA, 451 APTO 41                 VILA IPOJUCA   05056020SAO PAULO      SP                                                        000                    00000000
0010001300006R 010000000000000000000000000000000000000000000000000000000000000000000000000000000000000000000000000000000000000000000000000000000000000000000000000000000000000000000000000000000000000000000000000000000000000000000000         
0010001300007P 010296290000000178772 28509439011590000   7  220000000000000010103201700000000000006300000 02N0103201720000000000000000000002200000000000000000000000000000000000000000000000000000000000000000000000000000003000000090000000000 
0010001300008Q 012017839113000188NELY BACIC CAVALCANTE - ME              RUA CROATA, 451 APTO 41                 VILA IPOJUCA   05056020SAO PAULO      SP                                                        000                    00000000
0010001300009R 010000000000000000000000000000000000000000000000000000000000000000000000000000000000000000000000000000000000000000000000000000000000000000000000000000000000000000000000000000000000000000000000000000000000000000000000         
0010001300010P 010296290000000178772 28509439011600000   7  220000000000000010103201700000000000630000000 02N0103201720000000000000000000002200000000000000000000000000000000000000000000000000000000000000000000000000000003000000090000000000 
0010001300011Q 012017839113000188NELY BACIC CAVALCANTE - ME              RUA CROATA, 451 APTO 41                 VILA IPOJUCA   05056020SAO PAULO      SP                                                        000                    00000000
0010001300012R 010000000000000000000000000000000000000000000000000000000000000000000000000000000000000000000000000000000000000000000000000000000000000000000000000000000000000000000000000000000000000000000000000000000000000000000000         
0010001300013P 010296290000000178772 28509432348260000   7  220000000000000011703201700000000023520000000 02N0103201720000000000000000000002200000000000000000000000000000000000000000000000000000000000000000000000000000003000000090000000000 
0010001300014Q 012004904390000185ASSOCIACAO PROJETO BRASILEIRO DE DANCA  RUA SANTA CLARA, 378                    JARDIM SANTA RI09941270DIADEMA        SP                                                        000                    00000000
0010001300015R 010000000000000000000000000000000000000000000000001170320170000000000047040000000000000000000000000000000000000000000000000000000000000000000000000000000000000000000000000000000000000000000000000000000000000000000000         
0010001300016P 010296290000000178772 28509435365040000   7  220000000000000010203201700000000000630000000 02N0103201720000000000000000000002200000000000000000000000000000000000000000000000000000000000000000000000000000003000000090000000000 
0010001300017Q 012013312473000176ALAN POMPILHO LIMA ME                   RUA WASHINGTON LUIZ, 1371 AP 204        VILA JONES     13465520AMERICANA      SP                                                        000                    00000000
0010001300018R 010000000000000000000000000000000000000000000000001020320170000000000001260000000000000000000000000000000000000000000000000000000000000000000000000000000000000000000000000000000000000000000000000000000000000000000000         
0010001300019P 010296290000000178772 28509430388100000   7  220000000000000012403201700000000000630000000 02N0103201720000000000000000000002200000000000000000000000000000000000000000000000000000000000000000000000000000003000000090000000000 
0010001300020Q 012012759009000160JULIO CESAR MOREIRA LANGE DE BARROS SERVRUA PROFESSOR JOSE LANDULFO, 109        PARQUE SONIA   04126110SAO PAULO      SP                                                        000                    00000000
0010001300021R 010000000000000000000000000000000000000000000000001240320170000000000001260000000000000000000000000000000000000000000000000000000000000000000000000000000000000000000000000000000000000000000000000000000000000000000000         
0010001300022P 010296290000000178772 28509430388120000   7  220000000000000012203201700000000000630000000 02N0103201720000000000000000000002200000000000000000000000000000000000000000000000000000000000000000000000000000003000000090000000000 
0010001300023Q 011000008886360835MARCOS FERREIRA VERAS                   RUA TEOFILA VANDERLINDE, 1066           CIDADE OCIAN   11704460PRAIA GRANDE   SP                                                        000                    00000000
0010001300024R 010000000000000000000000000000000000000000000000001220320170000000000001260000000000000000000000000000000000000000000000000000000000000000000000000000000000000000000000000000000000000000000000000000000000000000000000         
0010001300025P 010296290000000178772 28509430389000000   7  220000000000000012203201700000000000630000000 02N0103201720000000000000000000002200000000000000000000000000000000000000000000000000000000000000000000000000000003000000090000000000 
0010001300026Q 012031356744000177TERESOPOLIS VIDEO & SOM LTDA ME         AV FELICIANO SODRE 148 LOJA B           VARZEA         25963081TERESOPOLIS    RJ                                                        000                    00000000
0010001300027R 010000000000000000000000000000000000000000000000001220320170000000000001260000000000000000000000000000000000000000000000000000000000000000000000000000000000000000000000000000000000000000000000000000000000000000000000         
0010001300028P 010296290000000178772 28509430389240000   7  220000000000000012603201700000000000630000000 02N0103201720000000000000000000002200000000000000000000000000000000000000000000000000000000000000000000000000000003000000090000000000 
0010001300029Q 012025080323000163KAVOKI SERVICOS DE INTERNET LTDA - ME   RUA ALEXANDRE DE GUSMAO, 785B           CONDOMINIO SAO 06706080COTIA          SP                                                        000                    00000000
0010001300030R 010000000000000000000000000000000000000000000000001260320170000000000001260000000000000000000000000000000000000000000000000000000000000000000000000000000000000000000000000000000000000000000000000000000000000000000000         
0010001300031P 010296290000000178772 28509430389250000   7  220000000000000012703201700000000000630000000 02N0103201720000000000000000000002200000000000000000000000000000000000000000000000000000000000000000000000000000003000000090000000000 
0010001300032Q 012004814921000149CURSO DE INGLES MAIN STREET LTDA ME     RUA SEBASTIAO LAURENTINO DA SILVA 573   CORREGO GRANDE 88037400FLORIANOPOLIS  SC                                                        000                    00000000
0010001300033R 010000000000000000000000000000000000000000000000001270320170000000000001260000000000000000000000000000000000000000000000000000000000000000000000000000000000000000000000000000000000000000000000000000000000000000000000         
0010001300034P 010296290000000178772 28509430389260000   7  220000000000000010204201700000000000630000000 02N0103201720000000000000000000002200000000000000000000000000000000000000000000000000000000000000000000000000000003000000090000000000 
0010001300035Q 012015323220000123H. AIUB CORRETORA DE SEGUROS LTDA       RUA DOM LARA 864                        VILA VALENCA   11390140SAO VICENTE    SP                                                        000                    00000000
0010001300036R 010000000000000000000000000000000000000000000000001020420170000000000001260000000000000000000000000000000000000000000000000000000000000000000000000000000000000000000000000000000000000000000000000000000000000000000000         
0010001300037P 010296290000000178772 28509430389270000   7  220000000000000010104201700000000000630000000 02N0103201720000000000000000000002200000000000000000000000000000000000000000000000000000000000000000000000000000003000000090000000000 
0010001300038Q 012023613919000156ALLAN SANTOS BARBOZA ME                 AV. BRASIL, 1500 SALA 303               CENTRO         88330901BALNEARIO CAMBOSC                                                        000                    00000000
0010001300039R 010000000000000000000000000000000000000000000000001010420170000000000001260000000000000000000000000000000000000000000000000000000000000000000000000000000000000000000000000000000000000000000000000000000000000000000000         
00100015         000041                                                                                                                                                                                                                         
00199999         000001000043                                                                                                                                                                                                                   
