00100000         296533310000140002850943001417019  0296290000000178772 CONTADOR AMIGO LTDA. - ME     BANCO DO BRASIL S.A                     101032017180324000000000                                                                          
00100011R01  000 2096533310000140002850943001417019  0296290000000178772 CONTADOR AMIGO LTDA. - ME                                                                                     0000000001032017                                         
0010001300001P 010296290000000178772 28509431342420000   7  220000000000000010103201700000000000826600000 02N0103201720000000000000000000002200000000000000000000000000000000000000000000000000000000000000000000000000000003000000090000000000 
0010001300002Q 012013486243000123WALTECIR LOPES - GESBRASIL              AV. PAULISTA, 726 - 17  ANDAR - CONJ. 17SAO PAULO      01310910SAO PAULO      SP                                                        000                    00000000
0010001300003R 010000000000000000000000000000000000000000000000000000000000000000000000000000000000000000000000000000000000000000000000000000000000000000000000000000000000000000000000000000000000000000000000000000000000000000000000         
00100015         000005                                                                                                                                                                                                                         
00199999         000001000007                                                                                                                                                                                                                   
