00100000         296533310000140002850943001417019  0296290000000178772 CONTADOR AMIGO LTDA. - ME     BANCO DO BRASIL S.A                     102032017180346000000000                                                                          
00100011R01  000 2096533310000140002850943001417019  0296290000000178772 CONTADOR AMIGO LTDA. - ME                                                                                     0000000002032017                                         
0010001300001P 010296290000000178772 28509431379200000   7  220000000000000010303201700000000001890000000 02N0203201720000000000000000000002200000000000000000000000000000000000000000000000000000000000000000000000000000003000000090000000000 
0010001300002Q 012017413259000167GX DOS SANTOS CONSTRUCAO ME             RUA JOAO RAMOS, N  530                  JUCA ROSA      45823390EUNAPOLIS      BA                                                        000                    00000000
0010001300003R 010000000000000000000000000000000000000000000000001030320170000000000003780000000000000000000000000000000000000000000000000000000000000000000000000000000000000000000000000000000000000000000000000000000000000000000000         
0010001300004P 010296290000000178772 28509430384020000   7  220000000000000011604201700000000000630000000 02N0203201720000000000000000000002200000000000000000000000000000000000000000000000000000000000000000000000000000003000000090000000000 
0010001300005Q 012014574811000100M.M.VILA E CIA LTDA                     RUA SANTA MARIANA, 450                  CENTRO         83260000MATINHOS       PR                                                        000                    00000000
0010001300006R 010000000000000000000000000000000000000000000000001160420170000000000001260000000000000000000000000000000000000000000000000000000000000000000000000000000000000000000000000000000000000000000000000000000000000000000000         
0010001300007P 010296290000000178772 28509430384690000   7  220000000000000011604201700000000000630000000 02N0203201720000000000000000000002200000000000000000000000000000000000000000000000000000000000000000000000000000003000000090000000000 
0010001300008Q 012022173486000100MARCIO DA SILVA BRAGA                   TRAVESSA DAS FLORES 32                  CARLOS PRATES  30710220BELO HORIZONTE MG                                                        000                    00000000
0010001300009R 010000000000000000000000000000000000000000000000001160420170000000000001260000000000000000000000000000000000000000000000000000000000000000000000000000000000000000000000000000000000000000000000000000000000000000000000         
0010001300010P 010296290000000178772 28509430389750000   7  220000000000000012503201700000000000630000000 02N0203201720000000000000000000002200000000000000000000000000000000000000000000000000000000000000000000000000000003000000090000000000 
0010001300011Q 012017813177000100ATRIOS SERV ADM E COB LTDA              RUA OSIRIS MAGALHAES DE ALMEIDA, 665, APJARDIM MONTE KE05634020SAO PAULO      SP                                                        000                    00000000
0010001300012R 010000000000000000000000000000000000000000000000001250320170000000000001260000000000000000000000000000000000000000000000000000000000000000000000000000000000000000000000000000000000000000000000000000000000000000000000         
0010001300013P 010296290000000178772 28509430389760000   7  220000000000000012803201700000000000630000000 02N0203201720000000000000000000002200000000000000000000000000000000000000000000000000000000000000000000000000000003000000090000000000 
0010001300014Q 012015918133000119LR SAUDE OCUPACIONAL LTDA               RUA CLAUDIO DE ALBUQUERQUE LIMA, 533    SAO LUIZ       57301220ARAPIRACA      AL                                                        000                    00000000
0010001300015R 010000000000000000000000000000000000000000000000001280320170000000000001260000000000000000000000000000000000000000000000000000000000000000000000000000000000000000000000000000000000000000000000000000000000000000000000         
0010001300016P 010296290000000178772 28509430389770000   7  220000000000000012503201700000000000630000000 02N0203201720000000000000000000002200000000000000000000000000000000000000000000000000000000000000000000000000000003000000090000000000 
0010001300017Q 012020722065000158MARIANA PENA KINOSHITA PRODUCOES ME     RUA ABILIO SOARES, 140 CJ 22            PARAISO        04005000SAO PAULO      SP                                                        000                    00000000
0010001300018R 010000000000000000000000000000000000000000000000001250320170000000000001260000000000000000000000000000000000000000000000000000000000000000000000000000000000000000000000000000000000000000000000000000000000000000000000         
0010001300019P 010296290000000178772 28509430389780000   7  220000000000000012803201700000000000630000000 02N0203201720000000000000000000002200000000000000000000000000000000000000000000000000000000000000000000000000000003000000090000000000 
0010001300020Q 012005464673000116DUCORE SISTEMAS DE IMPRESSAO LTDA-ME    RUA MARINA ESTON,0114                   JARDIM PERI    02634030SAO PAULO      SP                                                        000                    00000000
0010001300021R 010000000000000000000000000000000000000000000000001280320170000000000001260000000000000000000000000000000000000000000000000000000000000000000000000000000000000000000000000000000000000000000000000000000000000000000000         
0010001300022P 010296290000000178772 28509430389790000   7  220000000000000010204201700000000000630000000 02N0203201720000000000000000000002200000000000000000000000000000000000000000000000000000000000000000000000000000003000000090000000000 
0010001300023Q 012009436439000136AVES GERAIS ECOTURISMO E MONITORAMENTO AMG 232, KM203                           ZONA RURAL     35875000MORRO DO PILAR MG                                                        000                    00000000
0010001300024R 010000000000000000000000000000000000000000000000001020420170000000000001260000000000000000000000000000000000000000000000000000000000000000000000000000000000000000000000000000000000000000000000000000000000000000000000         
0010001300025P 010296290000000178772 28509430389800000   7  220000000000000010504201700000000000630000000 02N0203201720000000000000000000002200000000000000000000000000000000000000000000000000000000000000000000000000000003000000090000000000 
0010001300026Q 012014224328000104ALEXANDRE LUIS FERREIRA ME              RUA ANTONIO ROSSI, 164                  JARDIM ROSSI   13486138LIMEIRA        SP                                                        000                    00000000
0010001300027R 010000000000000000000000000000000000000000000000001050420170000000000001260000000000000000000000000000000000000000000000000000000000000000000000000000000000000000000000000000000000000000000000000000000000000000000000         
0010001300028P 010296290000000178772 28509430389810000   7  220000000000000012803201700000000000630000000 02N0203201720000000000000000000002200000000000000000000000000000000000000000000000000000000000000000000000000000003000000090000000000 
0010001300029Q 012019459066000172ALISON GUEDES ALTMAYER - ME             ANDRADAS, 322                           CENTRO         96200030RIO GRANDE     RS                                                        000                    00000000
0010001300030R 010000000000000000000000000000000000000000000000001280320170000000000001260000000000000000000000000000000000000000000000000000000000000000000000000000000000000000000000000000000000000000000000000000000000000000000000         
0010001300031P 010296290000000178772 28509430390010000   7  220000000000000010203201700000000000630000000 02N0203201730000000000000000000000000000000000000000000000000000000000000000000000000000000000000000000000000000003000000090000000000 
0010001300032Q 012014469236000186RONALDO PRATO LEITE DE CASTRO           RUA PARAIBA, 249                        FLORESTA       90220100PORTO ALEGRE   RS                                                        000                    00000000
0010001300033R 010000000000000000000000000000000000000000000000000000000000000000000000000000000000000000000000000000000000000000000000000000000000000000000000000000000000000000000000000000000000000000000000000000000000000000000000         
0010001300034P 010296290000000178772 28509430390030000   7  220000000000000010203201700000000000630000000 02N0203201730000000000000000000000000000000000000000000000000000000000000000000000000000000000000000000000000000003000000090000000000 
0010001300035Q 011000005956984686RONALDO DE AVILA LIMA                   RUA VIISCONDE DE UNHA UMA, 1061         OSVALDO CRUZ   09571390SAO CAETANO DO SP                                                        000                    00000000
0010001300036R 010000000000000000000000000000000000000000000000000000000000000000000000000000000000000000000000000000000000000000000000000000000000000000000000000000000000000000000000000000000000000000000000000000000000000000000000         
00100015         000038                                                                                                                                                                                                                         
00199999         000001000040                                                                                                                                                                                                                   
