00100000         296533310000140002850943001417019  0296290000000178772 CONTADOR AMIGO LTDA. - ME     BANCO DO BRASIL S.A                     103032017090301000000000                                                                          
00100011R01  000 2096533310000140002850943001417019  0296290000000178772 CONTADOR AMIGO LTDA. - ME                                                                                     0000000003032017                                         
0010001300001P 010296290000000178772 28509430382570000   7  220000000000000011103201700000000000630000000 02N0303201720000000000000000000002200000000000000000000000000000000000000000000000000000000000000000000000000000003000000090000000000 
0010001300002Q 012014474579000139VANESSA BECK SALOMONE TECNOLOG          RUA TEODORO RICARDO 25                  VILA NOVA PARAD02883010SAO PAULO      SP                                                        000                    00000000
0010001300003R 010000000000000000000000000000000000000000000000001110320170000000000001260000000000000000000000000000000000000000000000000000000000000000000000000000000000000000000000000000000000000000000000000000000000000000000000         
0010001300004P 010296290000000178772 28509430389950000   7  220000000000000012503201700000000000630000000 02N0303201720000000000000000000002200000000000000000000000000000000000000000000000000000000000000000000000000000003000000090000000000 
0010001300005Q 012017839113000188NELY BACIC CAVALCANTE - ME              RUA CROATA, 451 APTO 41                 VILA IPOJUCA   05056020SAO PAULO      SP                                                        000                    00000000
0010001300006R 010000000000000000000000000000000000000000000000001250320170000000000001260000000000000000000000000000000000000000000000000000000000000000000000000000000000000000000000000000000000000000000000000000000000000000000000         
0010001300007P 010296290000000178772 28509430390190000   7  220000000000000012503201700000000000630000000 02N0303201720000000000000000000002200000000000000000000000000000000000000000000000000000000000000000000000000000003000000090000000000 
0010001300008Q 012026462053000118MS DO NASCIMENTO ROCHA ASSESSORIA NAVAL RUA SALGADO FILHO 3365                  SAO JOAO BOSCO 76803776PORTO VELHO    RO                                                        000                    00000000
0010001300009R 010000000000000000000000000000000000000000000000001250320170000000000001260000000000000000000000000000000000000000000000000000000000000000000000000000000000000000000000000000000000000000000000000000000000000000000000         
0010001300010P 010296290000000178772 28509430390260000   7  220000000000000012603201700000000000630000000 02N0303201720000000000000000000002200000000000000000000000000000000000000000000000000000000000000000000000000000003000000090000000000 
0010001300011Q 012005020528000146SOL CONSULTORIA E SERVICOS MEDICOS LTDA AV. GOV. CARLOS DE LIMA CAVALCANTI, 3995CASA CAIADA    53030260OLINDA         PE                                                        000                    00000000
0010001300012R 010000000000000000000000000000000000000000000000001260320170000000000001260000000000000000000000000000000000000000000000000000000000000000000000000000000000000000000000000000000000000000000000000000000000000000000000         
0010001300013P 010296290000000178772 28509430390270000   7  220000000000000012603201700000000000630000000 02N0303201720000000000000000000002200000000000000000000000000000000000000000000000000000000000000000000000000000003000000090000000000 
0010001300014Q 012020344920000134LUCK BACK COM E IMPORTACAO LTDA         RUA PROJETADA DOIS, 36                  PARQUE XEREM   25245402DUQUE DE CAXIASRJ                                                        000                    00000000
0010001300015R 010000000000000000000000000000000000000000000000001260320170000000000001260000000000000000000000000000000000000000000000000000000000000000000000000000000000000000000000000000000000000000000000000000000000000000000000         
0010001300016P 010296290000000178772 28509430390280000   7  220000000000000012803201700000000000630000000 02N0303201720000000000000000000002200000000000000000000000000000000000000000000000000000000000000000000000000000003000000090000000000 
0010001300017Q 012007679828000167VIVIANE BUSCH PROJETO E INTERIORES LTDA R VISCONDE DO RIO BRANCO                CENTRO         80420210CURITIBA       PR                                                        000                    00000000
0010001300018R 010000000000000000000000000000000000000000000000001280320170000000000001260000000000000000000000000000000000000000000000000000000000000000000000000000000000000000000000000000000000000000000000000000000000000000000000         
0010001300019P 010296290000000178772 28509430390290000   7  220000000000000010104201700000000000630000000 02N0303201720000000000000000000002200000000000000000000000000000000000000000000000000000000000000000000000000000003000000090000000000 
0010001300020Q 012032318875000122SYNAPSE TREINAMENTO EMPRESARIAL LTDA    RUA DEPUT JOSE DA ROCHA RIBAS 111, BLC 0BARRA DA TIJUCA22630000RIO DE JANEIRO RJ                                                        000                    00000000
0010001300021R 010000000000000000000000000000000000000000000000001010420170000000000001260000000000000000000000000000000000000000000000000000000000000000000000000000000000000000000000000000000000000000000000000000000000000000000000         
0010001300022P 010296290000000178772 28509430390300000   7  220000000000000010104201700000000000630000000 02N0303201720000000000000000000002200000000000000000000000000000000000000000000000000000000000000000000000000000003000000090000000000 
0010001300023Q 012019099781000141IMOBILIARIA CAMPO LARGO                 AVENIDA PEDRO PIRES DE MELO, 793        CAMPO LARGO    18160000SALTO DE PIRAPOSP                                                        000                    00000000
0010001300024R 010000000000000000000000000000000000000000000000001010420170000000000001260000000000000000000000000000000000000000000000000000000000000000000000000000000000000000000000000000000000000000000000000000000000000000000000         
0010001300025P 010296290000000178772 28509430390310000   7  220000000000000010404201700000000000630000000 02N0303201720000000000000000000002200000000000000000000000000000000000000000000000000000000000000000000000000000003000000090000000000 
0010001300026Q 012010746583000158HIRBO JR ESTUDIO DE PRODUCOES ARTISTICASRUA ATROS RIBEIRO, 82                   JACANA         02275180SAO PAULO      SP                                                        000                    00000000
0010001300027R 010000000000000000000000000000000000000000000000001040420170000000000001260000000000000000000000000000000000000000000000000000000000000000000000000000000000000000000000000000000000000000000000000000000000000000000000         
0010001300028P 010296290000000178772 28509430390320000   7  220000000000000010204201700000000000630000000 02N0303201720000000000000000000002200000000000000000000000000000000000000000000000000000000000000000000000000000003000000090000000000 
0010001300029Q 012021023859000196ASX DE MENEZES SERVICOS ADMINISTRATIVOS RUA SIMONE MARTINI, 285                 JD. SANTA MARIA03573170SAO PAULO      SP                                                        000                    00000000
0010001300030R 010000000000000000000000000000000000000000000000001020420170000000000001260000000000000000000000000000000000000000000000000000000000000000000000000000000000000000000000000000000000000000000000000000000000000000000000         
0010001300031P 010296290000000178772 28509430390330000   7  220000000000000010204201700000000000630000000 02N0303201720000000000000000000002200000000000000000000000000000000000000000000000000000000000000000000000000000003000000090000000000 
0010001300032Q 012021511772000168MARCELO APARECIDO LOPES SERVICOS DE INFOALAMEDA ROCHA AZEVEDO, 55               CONDOMINIO NOVA06690150ITAPEVI        SP                                                        000                    00000000
0010001300033R 010000000000000000000000000000000000000000000000001020420170000000000001260000000000000000000000000000000000000000000000000000000000000000000000000000000000000000000000000000000000000000000000000000000000000000000000         
0010001300034P 010296290000000178772 28509430390340000   7  220000000000000010504201700000000000630000000 02N0303201720000000000000000000002200000000000000000000000000000000000000000000000000000000000000000000000000000003000000090000000000 
0010001300035Q 012017821734000134SOLFOTOSTUDIO FOTOGRAFIA E FILMAGEM DIGIESTRADA MIRANDELA, 70 SALA 201          CENTRO         26520332NILOPOLIS      RJ                                                        000                    00000000
0010001300036R 010000000000000000000000000000000000000000000000001050420170000000000001260000000000000000000000000000000000000000000000000000000000000000000000000000000000000000000000000000000000000000000000000000000000000000000000         
0010001300037P 010296290000000178772 28509430390350000   7  220000000000000010504201700000000000630000000 02N0303201720000000000000000000002200000000000000000000000000000000000000000000000000000000000000000000000000000003000000090000000000 
0010001300038Q 012013483345000195FABIO TERUO KAMIO - ME                  RUA HERMES FONTES, 59                   PINHEIROS      05418050SAO PAULO      SP                                                        000                    00000000
0010001300039R 010000000000000000000000000000000000000000000000001050420170000000000001260000000000000000000000000000000000000000000000000000000000000000000000000000000000000000000000000000000000000000000000000000000000000000000000         
0010001300040P 010296290000000178772 28509430390360000   7  220000000000000010604201700000000000630000000 02N0303201720000000000000000000002200000000000000000000000000000000000000000000000000000000000000000000000000000003000000090000000000 
0010001300041Q 012017330977000170FERNANDO AZEVEDO DE SOUZA NUNES - ME    AV HENRIQUE MOSCOSO                     CENTRO         29100021VILA VELHA     ES                                                        000                    00000000
0010001300042R 010000000000000000000000000000000000000000000000001060420170000000000001260000000000000000000000000000000000000000000000000000000000000000000000000000000000000000000000000000000000000000000000000000000000000000000000         
0010001300043P 010296290000000178772 28509430390370000   7  220000000000000010304201700000000000630000000 02N0303201720000000000000000000002200000000000000000000000000000000000000000000000000000000000000000000000000000003000000090000000000 
0010001300044Q 012014469236000186RONALDO PRATO LEITE DE CASTRO           RUA PARAIBA, 249                        FLORESTA       90220100PORTO ALEGRE   RS                                                        000                    00000000
0010001300045R 010000000000000000000000000000000000000000000000001030420170000000000001260000000000000000000000000000000000000000000000000000000000000000000000000000000000000000000000000000000000000000000000000000000000000000000000         
0010001300046P 010296290000000178772 28509430390380000   7  220000000000000010304201700000000000630000000 02N0303201720000000000000000000002200000000000000000000000000000000000000000000000000000000000000000000000000000003000000090000000000 
0010001300047Q 011000005956984686RONALDO DE AVILA LIMA                   RUA VIISCONDE DE UNHA UMA, 1061         OSVALDO CRUZ   09571390SAO CAETANO DO SP                                                        000                    00000000
0010001300048R 010000000000000000000000000000000000000000000000001030420170000000000001260000000000000000000000000000000000000000000000000000000000000000000000000000000000000000000000000000000000000000000000000000000000000000000000         
00100015         000050                                                                                                                                                                                                                         
00199999         000001000052                                                                                                                                                                                                                   
