00100000         296533310000140002850943001417019  0296290000000178772 CONTADOR AMIGO LTDA. - ME     BANCO DO BRASIL S.A                     103032017170324000000000                                                                          
00100011R01  000 2096533310000140002850943001417019  0296290000000178772 CONTADOR AMIGO LTDA. - ME                                                                                     0000000003032017                                         
0010001300001P 010296290000000178772 28509430379160000   7  220000000000000010303201700000000000644000000 02N0303201720000000000000000000002200000000000000000000000000000000000000000000000000000000000000000000000000000003000000090000000000 
0010001300002Q 012013486243000123WALTECIR LOPES - GESBRASIL              AV. PAULISTA, 726 - 17  ANDAR - CONJ. 17SAO PAULO      01310910SAO PAULO      SP                                                        000                    00000000
0010001300003R 010000000000000000000000000000000000000000000000000000000000000000000000000000000000000000000000000000000000000000000000000000000000000000000000000000000000000000000000000000000000000000000000000000000000000000000000         
0010001300004P 010296290000000178772 28509439011910000   7  220000000000000010503201700000000000630000000 02N0303201720000000000000000000002200000000000000000000000000000000000000000000000000000000000000000000000000000003000000090000000000 
0010001300005Q 012022233032000170ASSEVIP CORRETORA DE SEGUROS LTDA ME    RUA OURO FINO, 283 AP.403               IRAJA          21371230RIO DE JANEIRO RJ                                                        000                    00000000
0010001300006R 010000000000000000000000000000000000000000000000000000000000000000000000000000000000000000000000000000000000000000000000000000000000000000000000000000000000000000000000000000000000000000000000000000000000000000000000         
0010001300007P 010296290000000178772 28509439011920000   7  220000000000000010703201700000000001500000000 02N0303201720000000000000000000002200000000000000000000000000000000000000000000000000000000000000000000000000000003000000090000000000 
0010001300008Q 011000008886360835MARCOS FERREIRA VERAS                   RUA TEOFILA VANDERLINDE, 1066           CIDADE OCIAN   11704460PRAIA GRANDE   SP                                                        000                    00000000
0010001300009R 010000000000000000000000000000000000000000000000000000000000000000000000000000000000000000000000000000000000000000000000000000000000000000000000000000000000000000000000000000000000000000000000000000000000000000000000         
0010001300010P 010296290000000178772 28509439011960000   7  220000000000000010703201700000000001500000000 02N0303201730000000000000000000000000000000000000000000000000000000000000000000000000000000000000000000000000000003000000090000000000 
0010001300011Q 012024356614000179SERGIO LUIS VASCONCELOS DAVID 0598218564RUA TABATINGA, 75                       JOAO PINHEIRO  30530130BELO HORIZONTE MG                                                        000                    00000000
0010001300012R 010000000000000000000000000000000000000000000000000000000000000000000000000000000000000000000000000000000000000000000000000000000000000000000000000000000000000000000000000000000000000000000000000000000000000000000000         
00100015         000014                                                                                                                                                                                                                         
00199999         000001000016                                                                                                                                                                                                                   
