00100000         296533310000140002850943001417019  0296290000000178772 CONTADOR AMIGO LTDA. - ME     BANCO DO BRASIL S.A                     106032017100351000000000                                                                          
00100011R01  000 2096533310000140002850943001417019  0296290000000178772 CONTADOR AMIGO LTDA. - ME                                                                                     0000000006032017                                         
0010001300001P 010296290000000178772 28509430390710000   7  220000000000000010304201700000000000630000000 02N0603201730000000000000000000000000000000000000000000000000000000000000000000000000000000000000000000000000000003000000090000000000 
0010001300002Q 012014174412000152QUATRO ELEMENTOS GESTAO DA INFORMACAO LTAV. PAULISTA, N. 726 - 17 ANDAR         QUATRO ELEMENTO01310100SAO PAULO      SP                                                        000                    00000000
0010001300003R 010000000000000000000000000000000000000000000000000000000000000000000000000000000000000000000000000000000000000000000000000000000000000000000000000000000000000000000000000000000000000000000000000000000000000000000000         
0010001300004P 010296290000000178772 28509430390690000   7  220000000000000010304201700000000005880000000 02N0603201730000000000000000000000000000000000000000000000000000000000000000000000000000000000000000000000000000003000000090000000000 
0010001300005Q 012013241756000174JAMACY GLAYSON COSTA DE ALMEIDA         AV. ALIOMAR BALEEIRO, 428 ANDAR 1:      NOVA BRASILIA  41350275SALVADOR       BA                                                        000                    00000000
0010001300006R 010000000000000000000000000000000000000000000000000000000000000000000000000000000000000000000000000000000000000000000000000000000000000000000000000000000000000000000000000000000000000000000000000000000000000000000000         
0010001300007P 010296290000000178772 28509430385180000   7  220000000000000011703201700000000000630000000 02N0603201730000000000000000000002200000000000000000000000000000000000000000000000000000000000000000000000000000003000000090000000000 
0010001300008Q 011000041450657869ALISSON ANDRADE DOS SANTOS              RUA IRENE PEDROSO CALTADO               JD DAS LARANJEI04880110SAO PAULO      SP                                                        000                    00000000
0010001300009R 010000000000000000000000000000000000000000000000001170320170000000000001260000000000000000000000000000000000000000000000000000000000000000000000000000000000000000000000000000000000000000000000000000000000000000000000         
0010001300010P 010296290000000178772 28509439011990000   7  220000000000000010803201700000000000630000000 02N0603201730000000000000000000002200000000000000000000000000000000000000000000000000000000000000000000000000000003000000090000000000 
0010001300011Q 012018191267000179PAULO L MORAES ELETRONICOS - M          RUA MEXICO, 320 S 01                    JARDIM AMERICA 06756360TABOAO DA SERRASP                                                        000                    00000000
0010001300012R 010000000000000000000000000000000000000000000000000000000000000000000000000000000000000000000000000000000000000000000000000000000000000000000000000000000000000000000000000000000000000000000000000000000000000000000000         
0010001300013P 010296290000000178772 28509430389110000   7  220000000000000010104201700000000000630000000 02N0603201730000000000000000000002200000000000000000000000000000000000000000000000000000000000000000000000000000003000000090000000000 
0010001300014Q 012021544328000149TATIANA C.V ALVES                       R: JERONIMO ALVES, 239                  JD SANTO ANDRE 08390120SAO PAULO      SP                                                        000                    00000000
0010001300015R 010000000000000000000000000000000000000000000000001010420170000000000001260000000000000000000000000000000000000000000000000000000000000000000000000000000000000000000000000000000000000000000000000000000000000000000000         
0010001300016P 010296290000000178772 28509430390900000   7  220000000000000010604201700000000000630000000 02N0603201730000000000000000000002200000000000000000000000000000000000000000000000000000000000000000000000000000003000000090000000000 
0010001300017Q 012000472236000120PAULO IVO SILVA                         RUA FREI MELCHIOR 117 AP1               JARDIM SAO PAUL02041060SAO PAULO      SP                                                        000                    00000000
0010001300018R 010000000000000000000000000000000000000000000000001060420170000000000001260000000000000000000000000000000000000000000000000000000000000000000000000000000000000000000000000000000000000000000000000000000000000000000000         
0010001300019P 010296290000000178772 28509430391000000   7  220000000000000010104201700000000000630000000 02N0603201730000000000000000000002200000000000000000000000000000000000000000000000000000000000000000000000000000003000000090000000000 
0010001300020Q 012013486243000123WALTECIR LOPES - GESBRASIL              AV. PAULISTA, 726 - 17  ANDAR - CONJ. 17SAO PAULO      01310910SAO PAULO      SP                                                        000                    00000000
0010001300021R 010000000000000000000000000000000000000000000000001010420170000000000001260000000000000000000000000000000000000000000000000000000000000000000000000000000000000000000000000000000000000000000000000000000000000000000000         
0010001300022P 010296290000000178772 28509430391010000   7  220000000000000010304201700000000000630000000 02N0603201730000000000000000000002200000000000000000000000000000000000000000000000000000000000000000000000000000003000000090000000000 
0010001300023Q 012004693505000130RS TRANSFER VIAGENS LTDA - ME           AVENIDA SAO JOAO, 323                   VILA ADYANNA   12242840SAO JOSE DOS CASP                                                        000                    00000000
0010001300024R 010000000000000000000000000000000000000000000000001030420170000000000001260000000000000000000000000000000000000000000000000000000000000000000000000000000000000000000000000000000000000000000000000000000000000000000000         
0010001300025P 010296290000000178772 28509430391020000   7  220000000000000011704201700000000000630000000 02N0603201730000000000000000000002200000000000000000000000000000000000000000000000000000000000000000000000000000003000000090000000000 
0010001300026Q 012013977284000112ATTENTO BRASIL SERVICOS FINANCEIROS     QR 401 CONJ 26 CASA 06                  SAMAMBAIA NORTE72319026BRASILIA       DF                                                        000                    00000000
0010001300027R 010000000000000000000000000000000000000000000000001170420170000000000001260000000000000000000000000000000000000000000000000000000000000000000000000000000000000000000000000000000000000000000000000000000000000000000000         
00100015         000029                                                                                                                                                                                                                         
00199999         000001000031                                                                                                                                                                                                                   
