00100000         296533310000140002850943001417019  0296290000000178772 CONTADOR AMIGO LTDA. - ME     BANCO DO BRASIL S.A                     106032017110353000000000                                                                          
00100011R01  000 2096533310000140002850943001417019  0296290000000178772 CONTADOR AMIGO LTDA. - ME                                                                                     0000000006032017                                         
0010001300001P 010296290000000178772 28509430390850000   7  220000000000000012803201700000000000630000000 02N0603201720000000000000000000002200000000000000000000000000000000000000000000000000000000000000000000000000000003000000090000000000 
0010001300002Q 012011371318000103BRASIL LOC. COM. P. MAQ. LTDA           RUA SEVERINO LARA, 8                    VENDA NOVA     31610260BELO HORIZONTE MG                                                        000                    00000000
0010001300003R 010000000000000000000000000000000000000000000000001280320170000000000001260000000000000000000000000000000000000000000000000000000000000000000000000000000000000000000000000000000000000000000000000000000000000000000000         
0010001300004P 010296290000000178772 28509430207199917   7  220000000000000011303201700000000001770000000 02N0603201730000000000000000000000000000000000000000000000000000000000000000000000000000000000000000000000000000003000000090000000000 
0010001300005Q 011000000000000000                                                                                                                                                                      000                    00000000
0010001300006R 010000000000000000000000000000000000000000000000000000000000000000000000000000000000000000000000000000000000000000000000000000000000000000000000000000000000000000000000000000000000000000000000000000000000000000000000         
00100015         000008                                                                                                                                                                                                                         
00199999         000001000010                                                                                                                                                                                                                   
