00100000         296533310000140002850943001417019  0296290000000178772 CONTADOR AMIGO LTDA. - ME     BANCO DO BRASIL S.A                     106032017120335000000000                                                                          
00100011R01  000 2096533310000140002850943001417019  0296290000000178772 CONTADOR AMIGO LTDA. - ME                                                                                     0000000006032017                                         
0010001300001P 010296290000000178772 28509430391300000   7  220000000000000010504201700000000005880000000 02N0603201730000000000000000000000000000000000000000000000000000000000000000000000000000000000000000000000000000003000000090000000000 
0010001300002Q 012022238304000124POLLYANA RIBEIRO MATOS - ME             QUADRA QNL 6 BLOCO J                    L NORTE        72155620BRASILIA       DF                                                        000                    00000000
0010001300003R 010000000000000000000000000000000000000000000000000000000000000000000000000000000000000000000000000000000000000000000000000000000000000000000000000000000000000000000000000000000000000000000000000000000000000000000000         
0010001300004P 010296290000000178772 28509430381530000   7  220000000000000011103201700000000001890000000 02N0603201730000000000000000000000000000000000000000000000000000000000000000000000000000000000000000000000000000003000000090000000000 
0010001300005Q 012023007609000198BENX NEGOCIOS IMOBILIARIOS              AV. ANITA GARIBALDI, 964 - APTO 1302A   CABRAL         80540400CURITIBA       PR                                                        000                    00000000
0010001300006R 010000000000000000000000000000000000000000000000000000000000000000000000000000000000000000000000000000000000000000000000000000000000000000000000000000000000000000000000000000000000000000000000000000000000000000000000         
0010001300007P 010296290000000178772 28509430348260000   7  220000000000000011703201700000000001260000000 02N0603201730000000000000000000002200000000000000000000000000000000000000000000000000000000000000000000000000000003000000090000000000 
0010001300008Q 012004904390000185ASSOCIACAO PROJETO BRASILEIRO DE DANCA  RUA SANTA CLARA, 378                    JARDIM SANTA RI09941270DIADEMA        SP                                                        000                    00000000
0010001300009R 010000000000000000000000000000000000000000000000001170320170000000000002520000000000000000000000000000000000000000000000000000000000000000000000000000000000000000000000000000000000000000000000000000000000000000000000         
00100015         000011                                                                                                                                                                                                                         
00199999         000001000013                                                                                                                                                                                                                   
