00100000         296533310000140002850943001417019  0296290000000178772 CONTADOR AMIGO LTDA. - ME     BANCO DO BRASIL S.A                     107032017100307000000000                                                                          
00100011R01  000 2096533310000140002850943001417019  0296290000000178772 CONTADOR AMIGO LTDA. - ME                                                                                     0000000007032017                                         
0010001300001P 010296290000000178772 28509430389370000   7  220000000000000012703201700000000000630000000 02N0703201720000000000000000000002200000000000000000000000000000000000000000000000000000000000000000000000000000003000000090000000000 
0010001300002Q 011000044116576867GUSTAVO LOPES PADLIPSKAS                AV. LACERDA FRANCO 702, 51              CAMBUCI        01536000SAO PAULO      SP                                                        000                    00000000
0010001300003R 010000000000000000000000000000000000000000000000001270320170000000000001260000000000000000000000000000000000000000000000000000000000000000000000000000000000000000000000000000000000000000000000000000000000000000000000         
0010001300004P 010296290000000178772 28509430390860000   7  220000000000000012703201700000000000630000000 02N0703201720000000000000000000002200000000000000000000000000000000000000000000000000000000000000000000000000000003000000090000000000 
0010001300005Q 012007241834000138BRANDAO E BICKER ADVOGADOS ASSOCIADOS   RUA LINCOLN ALBUQUERQUE, 299, APTO. 121 PERDIZES       05004010SAO PAULO      SP                                                        000                    00000000
0010001300006R 010000000000000000000000000000000000000000000000001270320170000000000001260000000000000000000000000000000000000000000000000000000000000000000000000000000000000000000000000000000000000000000000000000000000000000000000         
0010001300007P 010296290000000178772 28509430390870000   7  220000000000000012603201700000000000630000000 02N0703201720000000000000000000002200000000000000000000000000000000000000000000000000000000000000000000000000000003000000090000000000 
0010001300008Q 012013634454000166EVARLEY WAGNER DA FONSECA               RUA ADOLFO LUTZ, 168                    PONTA DA PRAIA 11035060SANTOS         SP                                                        000                    00000000
0010001300009R 010000000000000000000000000000000000000000000000001260320170000000000001260000000000000000000000000000000000000000000000000000000000000000000000000000000000000000000000000000000000000000000000000000000000000000000000         
0010001300010P 010296290000000178772 28509430391540000   7  220000000000000010604201700000000000630000000 02N0703201720000000000000000000002200000000000000000000000000000000000000000000000000000000000000000000000000000003000000090000000000 
0010001300011Q 012013211632000146AS MARINHO ME                           RUA LUCILIA DE ALMEIDA, 05              TRES FONTES    26382539QUEIMADOS      RJ                                                        000                    00000000
0010001300012R 010000000000000000000000000000000000000000000000001060420170000000000001260000000000000000000000000000000000000000000000000000000000000000000000000000000000000000000000000000000000000000000000000000000000000000000000         
0010001300013P 010296290000000178772 28509430391580000   7  220000000000000010104201700000000000630000000 02N0703201720000000000000000000002200000000000000000000000000000000000000000000000000000000000000000000000000000003000000090000000000 
0010001300014Q 012019330012000102PIETRA PUBLICIDADE LTDA-ME              RUA ADACI SANTOS GOMES 147              BARRA          88332115BALNEARIO CAMBOSC                                                        000                    00000000
0010001300015R 010000000000000000000000000000000000000000000000001010420170000000000001260000000000000000000000000000000000000000000000000000000000000000000000000000000000000000000000000000000000000000000000000000000000000000000000         
0010001300016P 010296290000000178772 28509430391590000   7  220000000000000010104201700000000000630000000 02N0703201720000000000000000000002200000000000000000000000000000000000000000000000000000000000000000000000000000003000000090000000000 
0010001300017Q 012025136347000197J R DESPACHANTE E ASSESSORIAS LTDA ME   AV SANTA TEREZINHA N 79                 SANTA TEREZINHA77808400ARAGUAINA      TO                                                        000                    00000000
0010001300018R 010000000000000000000000000000000000000000000000001010420170000000000001260000000000000000000000000000000000000000000000000000000000000000000000000000000000000000000000000000000000000000000000000000000000000000000000         
0010001300019P 010296290000000178772 28509430391600000   7  220000000000000010104201700000000000630000000 02N0703201720000000000000000000002200000000000000000000000000000000000000000000000000000000000000000000000000000003000000090000000000 
0010001300020Q 012019717778000144HOPF GESTAO EMPRESARIAL LTDA            SBS Q 02 - BLOCO E - SALA 206           ASA SUL        70070120BRASILIA       DF                                                        000                    00000000
0010001300021R 010000000000000000000000000000000000000000000000001010420170000000000001260000000000000000000000000000000000000000000000000000000000000000000000000000000000000000000000000000000000000000000000000000000000000000000000         
0010001300022P 010296290000000178772 28509430391670000   7  220000000000000010604201700000000000630000000 02N0703201720000000000000000000002200000000000000000000000000000000000000000000000000000000000000000000000000000003000000090000000000 
0010001300023Q 012021513652000108HSM SERVICOS EMPRESARIAIS LTDA. - ME    AV. HUMBERTO DE ALENCAR CASTELO BRANCO, ASSUNCAO       09850305SAO BERNARDO DOSP                                                        000                    00000000
0010001300024R 010000000000000000000000000000000000000000000000001060420170000000000001260000000000000000000000000000000000000000000000000000000000000000000000000000000000000000000000000000000000000000000000000000000000000000000000         
0010001300025P 010296290000000178772 28509430391680000   7  220000000000000012004201700000000000630000000 02N0703201720000000000000000000002200000000000000000000000000000000000000000000000000000000000000000000000000000003000000090000000000 
0010001300026Q 012022161022000176TAKE CARE OF YOUR BUSINESS SERVICOS DE PRUA SUGAO SUZUKI N 100 BC 06 CONJ 24B   COLONIA (ZONA L08260110SAO PAULO      SP                                                        000                    00000000
0010001300027R 010000000000000000000000000000000000000000000000001200420170000000000001260000000000000000000000000000000000000000000000000000000000000000000000000000000000000000000000000000000000000000000000000000000000000000000000         
0010001300028P 010296290000000178772 28509430391690000   7  220000000000000010304201700000000000630000000 02N0703201720000000000000000000002200000000000000000000000000000000000000000000000000000000000000000000000000000003000000090000000000 
0010001300029Q 012022623796000171RENATA CELIA SILVEIRA SERRA-ME          RUA EWERTON VISCO, 324, SALA 504        CAMINHO DAS ARV41820022SALVADOR       BA                                                        000                    00000000
0010001300030R 010000000000000000000000000000000000000000000000001030420170000000000001260000000000000000000000000000000000000000000000000000000000000000000000000000000000000000000000000000000000000000000000000000000000000000000000         
0010001300031P 010296290000000178772 28509430391700000   7  220000000000000010604201700000000000630000000 02N0703201720000000000000000000002200000000000000000000000000000000000000000000000000000000000000000000000000000003000000090000000000 
0010001300032Q 012022210830000186BOHLHALTER SUPORTE TECNICO EM INFORMATICAVENIDA PRESIDENTE KENNEY, 3700 AP 244 BSANTA PAULA    09572200SAO CAETANO DO SP                                                        000                    00000000
0010001300033R 010000000000000000000000000000000000000000000000001060420170000000000001260000000000000000000000000000000000000000000000000000000000000000000000000000000000000000000000000000000000000000000000000000000000000000000000         
0010001300034P 010296290000000178772 28509430391710000   7  220000000000000010604201700000000000630000000 02N0703201720000000000000000000002200000000000000000000000000000000000000000000000000000000000000000000000000000003000000090000000000 
0010001300035Q 012004711642000150STA COMERCIO E SERVICOS LTDA            AV ABEL CABRAL, 577, COND. SUN HAPPY, APNOVA PARNAMIRIM59151250PARNAMIRIM     RN                                                        000                    00000000
0010001300036R 010000000000000000000000000000000000000000000000001060420170000000000001260000000000000000000000000000000000000000000000000000000000000000000000000000000000000000000000000000000000000000000000000000000000000000000000         
0010001300037P 010296290000000178772 28509430391720000   7  220000000000000010504201700000000000630000000 02N0703201720000000000000000000002200000000000000000000000000000000000000000000000000000000000000000000000000000003000000090000000000 
0010001300038Q 012067981878000126ALPHA PEGASUS PROCESSAMENTO DE DADOS SOCRUA DARDANELOS, 143                     ALTO DA LAPA   05468010SAO PAULO      SP                                                        000                    00000000
0010001300039R 010000000000000000000000000000000000000000000000001050420170000000000001260000000000000000000000000000000000000000000000000000000000000000000000000000000000000000000000000000000000000000000000000000000000000000000000         
0010001300040P 010296290000000178772 28509430391730000   7  220000000000000010504201700000000000630000000 02N0703201720000000000000000000002200000000000000000000000000000000000000000000000000000000000000000000000000000003000000090000000000 
0010001300041Q 012011717294000193PHOTO ART BRASIL EDITORA LTDA ME        RUA LUCIDIO LAGO 96 SALA 202            MEIER          20780020RIO DE JANEIRO RJ                                                        000                    00000000
0010001300042R 010000000000000000000000000000000000000000000000001050420170000000000001260000000000000000000000000000000000000000000000000000000000000000000000000000000000000000000000000000000000000000000000000000000000000000000000         
0010001300043P 010296290000000178772 28509430391740000   7  220000000000000010504201700000000000630000000 02N0703201720000000000000000000002200000000000000000000000000000000000000000000000000000000000000000000000000000003000000090000000000 
0010001300044Q 012007431477000170MR PAULINO NEGOCIOS E SERVICOS DE EDITORR LAGOA DAS GARCAS 200 - 1706 - PARTE   BARRA DA TIJUCA22793400RIO DE JANEIRO RJ                                                        000                    00000000
0010001300045R 010000000000000000000000000000000000000000000000001050420170000000000001260000000000000000000000000000000000000000000000000000000000000000000000000000000000000000000000000000000000000000000000000000000000000000000000         
0010001300046P 010296290000000178772 28509430391750000   7  220000000000000010504201700000000000630000000 02N0703201720000000000000000000002200000000000000000000000000000000000000000000000000000000000000000000000000000003000000090000000000 
0010001300047Q 012015155570000128ROUSSELET NEGOCIOS E GESTAO EMPRESARIAL RUA LAGOA DAS GARCAS, 200 - 1706        BARRA DA TIJUCA22793400RIO DE JANEIRO RJ                                                        000                    00000000
0010001300048R 010000000000000000000000000000000000000000000000001050420170000000000001260000000000000000000000000000000000000000000000000000000000000000000000000000000000000000000000000000000000000000000000000000000000000000000000         
0010001300049P 010296290000000178772 28509430391760000   7  220000000000000010504201700000000000630000000 02N0703201720000000000000000000002200000000000000000000000000000000000000000000000000000000000000000000000000000003000000090000000000 
0010001300050Q 012019881509000119AGEB LOCACOES LTDA                      RUA CONGONHAS DO CAMPO, 225             ESPERANCA      35701039SETE LAGOAS    MG                                                        000                    00000000
0010001300051R 010000000000000000000000000000000000000000000000001050420170000000000001260000000000000000000000000000000000000000000000000000000000000000000000000000000000000000000000000000000000000000000000000000000000000000000000         
0010001300052P 010296290000000178772 28509430391770000   7  220000000000000011104201700000000000630000000 02N0703201720000000000000000000002200000000000000000000000000000000000000000000000000000000000000000000000000000003000000090000000000 
0010001300053Q 012022200685000152PEDRO LUIZ ALBERTIN BONO MILAN - ME     RUA DR. JOSE BENEDITO VIANA DE MORAES 26VILA SAO FRANCI05351005SAO PAULO      SP                                                        000                    00000000
0010001300054R 010000000000000000000000000000000000000000000000001110420170000000000001260000000000000000000000000000000000000000000000000000000000000000000000000000000000000000000000000000000000000000000000000000000000000000000000         
0010001300055P 010296290000000178772 28509430391780000   7  220000000000000010804201700000000000630000000 02N0703201720000000000000000000002200000000000000000000000000000000000000000000000000000000000000000000000000000003000000090000000000 
0010001300056Q 012019723102000163WILLIANS ROBSON NONAKA PEREIRA - ME     RUA VATINGA, 166                        JD. IRACEMA    05847600SAO PAULO      SP                                                        000                    00000000
0010001300057R 010000000000000000000000000000000000000000000000001080420170000000000001260000000000000000000000000000000000000000000000000000000000000000000000000000000000000000000000000000000000000000000000000000000000000000000000         
0010001300058P 010296290000000178772 28509430391800000   7  220000000000000010704201700000000001260000000 02N0703201720000000000000000000002200000000000000000000000000000000000000000000000000000000000000000000000000000003000000090000000000 
0010001300059Q 012019780591000195JRFERRI SERVICOS DE ESCR ADMIN          RUA ANA MARIA MARTINEZ, 420 APTO 14A    ASSUNCAO       09811000SAO BERNARDO DOSP                                                        000                    00000000
0010001300060R 010000000000000000000000000000000000000000000000001070420170000000000002520000000000000000000000000000000000000000000000000000000000000000000000000000000000000000000000000000000000000000000000000000000000000000000000         
0010001300061P 010296290000000178772 28509430391810000   7  220000000000000010504201700000000000630000000 02N0703201720000000000000000000002200000000000000000000000000000000000000000000000000000000000000000000000000000003000000090000000000 
0010001300062Q 012066779463000101CARLOS ALBERTO MAJOLO CAMPOS            RUA MARIA LEONI DE ANDRADE              JARDIM HELENA  17022861BAURU          SP                                                        000                    00000000
0010001300063R 010000000000000000000000000000000000000000000000001050420170000000000001260000000000000000000000000000000000000000000000000000000000000000000000000000000000000000000000000000000000000000000000000000000000000000000000         
0010001300064P 010296290000000178772 28509430391820000   7  220000000000000010204201700000000000630000000 02N0703201720000000000000000000002200000000000000000000000000000000000000000000000000000000000000000000000000000003000000090000000000 
0010001300065Q 012013312473000176ALAN POMPILHO LIMA ME                   RUA WASHINGTON LUIZ, 1371 AP 204        VILA JONES     13465520AMERICANA      SP                                                        000                    00000000
0010001300066R 010000000000000000000000000000000000000000000000001020420170000000000001260000000000000000000000000000000000000000000000000000000000000000000000000000000000000000000000000000000000000000000000000000000000000000000000         
0010001300067P 010296290000000178772 28509435380000000   7  220000000000000010703201700000000000630000000 02N0703201720000000000000000000002200000000000000000000000000000000000000000000000000000000000000000000000000000003000000090000000000 
0010001300068Q 012022584877000100AUDATEC TECNICAS ESTATISTICAS AUTOMOTIVAAV. CASA VERDE, 2901 - AP. 38           CASA VERDE     02519200SAO PAULO      SP                                                        000                    00000000
0010001300069R 010000000000000000000000000000000000000000000000001070320170000000000001260000000000000000000000000000000000000000000000000000000000000000000000000000000000000000000000000000000000000000000000000000000000000000000000         
0010001300070P 010296290000000178772 28509430391980000   7  220000000000000010703201700000000000630000000 02N0703201730000000000000000000000000000000000000000000000000000000000000000000000000000000000000000000000000000003000000090000000000 
0010001300071Q 012026827219000152CODE4FUTURE TECNOLOGIA E CONSULTORIA LTDAV. MATOGROSSO, 667 CSXPT 0072          BAIRRO DOS ESTA58030080JOAO PESSOA    PB                                                        000                    00000000
0010001300072R 010000000000000000000000000000000000000000000000000000000000000000000000000000000000000000000000000000000000000000000000000000000000000000000000000000000000000000000000000000000000000000000000000000000000000000000000         
00100015         000074                                                                                                                                                                                                                         
00199999         000001000076                                                                                                                                                                                                                   
