00100000         296533310000140002850943001417019  0296290000000178772 CONTADOR AMIGO LTDA. - ME     BANCO DO BRASIL S.A                     107032017180303000000000                                                                          
00100011R01  000 2096533310000140002850943001417019  0296290000000178772 CONTADOR AMIGO LTDA. - ME                                                                                     0000000007032017                                         
0010001300001P 010296290000000178772 28509430392090000   7  220000000000000010703201700000000000630000000 02N0703201720000000000000000000002200000000000000000000000000000000000000000000000000000000000000000000000000000003000000090000000000 
0010001300002Q 012024991785000170BALLARDIN TECNOLOGIAS E ENERGIAS RENOVAVRUA JOAO BONATO 39                      JARDIM CEU AZUL83602762CAMPO LARGO    PR                                                        000                    00000000
0010001300003R 010000000000000000000000000000000000000000000000001070320170000000000001260000000000000000000000000000000000000000000000000000000000000000000000000000000000000000000000000000000000000000000000000000000000000000000000         
0010001300004P 010296290000000178772 28509430392730000   7  220000000000000010703201700000000000630000000 02N0703201720000000000000000000002200000000000000000000000000000000000000000000000000000000000000000000000000000003000000090000000000 
0010001300005Q 012007213817000197INTERGIRO SERVICOS DE INTERNET          AV. JOAO PEIXOTO VIEGAS, 169 CONJ. 03   JARDIM CONSORCI04437000SAO PAULO      SP                                                        000                    00000000
0010001300006R 010000000000000000000000000000000000000000000000001070320170000000000001260000000000000000000000000000000000000000000000000000000000000000000000000000000000000000000000000000000000000000000000000000000000000000000000         
00100015         000008                                                                                                                                                                                                                         
00199999         000001000010                                                                                                                                                                                                                   
