00100000         296533310000140002850943001417019  0296290000000178772 CONTADOR AMIGO LTDA. - ME     BANCO DO BRASIL S.A                     108032017100332000000000                                                                          
00100011R01  000 2096533310000140002850943001417019  0296290000000178772 CONTADOR AMIGO LTDA. - ME                                                                                     0000000008032017                                         
0010001300001P 010296290000000178772 28509430388040000   7  220000000000000011803201700000000001890000000 02N0803201720000000000000000000002200000000000000000000000000000000000000000000000000000000000000000000000000000003000000090000000000 
0010001300002Q 012017431985000102EQUIPE DOIS PRA CA CULTURA, AR          AV. DEPUTADO EMILIO CARLOS, 631, APTO 18LIMAO          02721000SAO PAULO      SP                                                        000                    00000000
0010001300003R 010000000000000000000000000000000000000000000000001180320170000000000003780000000000000000000000000000000000000000000000000000000000000000000000000000000000000000000000000000000000000000000000000000000000000000000000         
0010001300004P 010296290000000178772 28509430393110000   7  220000000000000010803201700000000000630000000 02N0803201720000000000000000000002200000000000000000000000000000000000000000000000000000000000000000000000000000003000000090000000000 
0010001300005Q 012038785879000105JOAO CARLOS SCAIFE ME                   AV. DEPUTADO EMILIO CARLOS 12           LIMAO          02720000SAO PAULO      SP                                                        000                    00000000
0010001300006R 010000000000000000000000000000000000000000000000001080320170000000000001260000000000000000000000000000000000000000000000000000000000000000000000000000000000000000000000000000000000000000000000000000000000000000000000         
0010001300007P 010296290000000178772 28509430348260000   7  220000000000000011103201700000000000630000000 02N0803201720000000000000000000002200000000000000000000000000000000000000000000000000000000000000000000000000000003000000090000000000 
0010001300008Q 012004904390000185ASSOCIACAO PROJETO BRASILEIRO DE DANCA  RUA SANTA CLARA, 378                    JARDIM SANTA RI09941270DIADEMA        SP                                                        000                    00000000
0010001300009R 010000000000000000000000000000000000000000000000001110320170000000000001260000000000000000000000000000000000000000000000000000000000000000000000000000000000000000000000000000000000000000000000000000000000000000000000         
0010001300010P 010296290000000178772 28509430383500000   7  220000000000000011403201700000000000630000000 02N0803201720000000000000000000002200000000000000000000000000000000000000000000000000000000000000000000000000000003000000090000000000 
0010001300011Q 012021142573000120RAFAEL ORTEGA DA SILVA22322376809       RUA MANOEL FAGUNDES COTRIN 248          JD TANNUS      13212062JUNDIAI        SP                                                        000                    00000000
0010001300012R 010000000000000000000000000000000000000000000000001140320170000000000001260000000000000000000000000000000000000000000000000000000000000000000000000000000000000000000000000000000000000000000000000000000000000000000000         
0010001300013P 010296290000000178772 28509430389040000   7  220000000000000012003201700000000000630000000 02N0803201720000000000000000000002200000000000000000000000000000000000000000000000000000000000000000000000000000003000000090000000000 
0010001300014Q 012019355873000145JACKSON MIRANDA ASSESSORIA              RUA PADRE BERNARDO, 466                 NOVA BRASILIA  89213330JOINVILLE      SC                                                        000                    00000000
0010001300015R 010000000000000000000000000000000000000000000000001200320170000000000001260000000000000000000000000000000000000000000000000000000000000000000000000000000000000000000000000000000000000000000000000000000000000000000000         
0010001300016P 010296290000000178772 28509430391040000   7  220000000000000010404201700000000000630000000 02N0803201720000000000000000000002200000000000000000000000000000000000000000000000000000000000000000000000000000003000000090000000000 
0010001300017Q 011000028541939898ROBERTO SANTOS VIEIRA                   NENE, 67                                ESTANCIA GUATAM08588700ITAQUAQUECETUBASP                                                        000                    00000000
0010001300018R 010000000000000000000000000000000000000000000000001040420170000000000001260000000000000000000000000000000000000000000000000000000000000000000000000000000000000000000000000000000000000000000000000000000000000000000000         
0010001300019P 010296290000000178772 28509430392140000   7  220000000000000010704201700000000000630000000 02N0803201720000000000000000000002200000000000000000000000000000000000000000000000000000000000000000000000000000003000000090000000000 
0010001300020Q 012024991785000170BALLARDIN TECNOLOGIAS E ENERGIAS RENOVAVRUA JOAO BONATO 39                      JARDIM CEU AZUL83602762CAMPO LARGO    PR                                                        000                    00000000
0010001300021R 010000000000000000000000000000000000000000000000001070420170000000000001260000000000000000000000000000000000000000000000000000000000000000000000000000000000000000000000000000000000000000000000000000000000000000000000         
0010001300022P 010296290000000178772 28509430393150000   7  220000000000000010704201700000000000630000000 02N0803201720000000000000000000002200000000000000000000000000000000000000000000000000000000000000000000000000000003000000090000000000 
0010001300023Q 012010343225000102PADOVANI SERVICOS DE INFORMATICA LTDA   RUA GIACINTO TOGNATO, 1715              BAETA NEVES    09760372SAO BERNARDO DOSP                                                        000                    00000000
0010001300024R 010000000000000000000000000000000000000000000000001070420170000000000001260000000000000000000000000000000000000000000000000000000000000000000000000000000000000000000000000000000000000000000000000000000000000000000000         
0010001300025P 010296290000000178772 28509430393160000   7  220000000000000010804201700000000000630000000 02N0803201720000000000000000000002200000000000000000000000000000000000000000000000000000000000000000000000000000003000000090000000000 
0010001300026Q 012004217515000107GRAFICA BR LTDA, ME                     RUA CAROLINA FLORENCE 1461              VILA NOVA      13073076CAMPINAS       SP                                                        000                    00000000
0010001300027R 010000000000000000000000000000000000000000000000001080420170000000000001260000000000000000000000000000000000000000000000000000000000000000000000000000000000000000000000000000000000000000000000000000000000000000000000         
0010001300028P 010296290000000178772 28509430393170000   7  220000000000000011504201700000000000630000000 02N0803201720000000000000000000002200000000000000000000000000000000000000000000000000000000000000000000000000000003000000090000000000 
0010001300029Q 012004210784000133MY SOLUTION INFORMATICA LTDA M          RUA SANTA VIRGINIA, 408 - CJ 24         TATUAPE        03084000SAO PAULO      SP                                                        000                    00000000
0010001300030R 010000000000000000000000000000000000000000000000001150420170000000000001260000000000000000000000000000000000000000000000000000000000000000000000000000000000000000000000000000000000000000000000000000000000000000000000         
0010001300031P 010296290000000178772 28509430393180000   7  220000000000000011504201700000000000630000000 02N0803201720000000000000000000002200000000000000000000000000000000000000000000000000000000000000000000000000000003000000090000000000 
0010001300032Q 012007105097000146HLU EVENTOS E CURSOS LTDA-ME            ESTRADA BASILIO VIEIRA DE GODOY,S/N KM 9ENTREMONTES    13920000PEDREIRA       SP                                                        000                    00000000
0010001300033R 010000000000000000000000000000000000000000000000001150420170000000000001260000000000000000000000000000000000000000000000000000000000000000000000000000000000000000000000000000000000000000000000000000000000000000000000         
0010001300034P 010296290000000178772 28509430393190000   7  220000000000000011204201700000000000630000000 02N0803201720000000000000000000002200000000000000000000000000000000000000000000000000000000000000000000000000000003000000090000000000 
0010001300035Q 012008875390000155APPEND SOLUCOES EM CRIACAO E G          RUA FRANZ SCHUBERT, 203, LOJA A - PARTE JARDIM AMERICA 21240090RIO DE JANEIRO RJ                                                        000                    00000000
0010001300036R 010000000000000000000000000000000000000000000000001120420170000000000001260000000000000000000000000000000000000000000000000000000000000000000000000000000000000000000000000000000000000000000000000000000000000000000000         
0010001300037P 010296290000000178772 28509430393200000   7  220000000000000010704201700000000000630000000 02N0803201720000000000000000000002200000000000000000000000000000000000000000000000000000000000000000000000000000003000000090000000000 
0010001300038Q 012022584877000100AUDATEC TECNICAS ESTATISTICAS AUTOMOTIVAAV. CASA VERDE, 2901 - AP. 38           CASA VERDE     02519200SAO PAULO      SP                                                        000                    00000000
0010001300039R 010000000000000000000000000000000000000000000000001070420170000000000001260000000000000000000000000000000000000000000000000000000000000000000000000000000000000000000000000000000000000000000000000000000000000000000000         
00100015         000041                                                                                                                                                                                                                         
00199999         000001000043                                                                                                                                                                                                                   
