00100000         296533310000140002850943001417019  0296290000000178772 CONTADOR AMIGO LTDA. - ME     BANCO DO BRASIL S.A                     108032017180303000000000                                                                          
00100011R01  000 2096533310000140002850943001417019  0296290000000178772 CONTADOR AMIGO LTDA. - ME                                                                                     0000000008032017                                         
0010001300001P 010296290000000178772 28509430384840000   7  220000000000000011803201700000000000630000000 02N0803201730000000000000000000000000000000000000000000000000000000000000000000000000000000000000000000000000000003000000090000000000 
0010001300002Q 011000037513313873GABRIEL COSTA CRUZ                      AV DA SAUDADE 824 SALA 5                PONTE PRETA    13041670CAMPINAS       SP                                                        000                    00000000
0010001300003R 010000000000000000000000000000000000000000000000000000000000000000000000000000000000000000000000000000000000000000000000000000000000000000000000000000000000000000000000000000000000000000000000000000000000000000000000         
0010001300004P 010296290000000178772 28509439012520000   7  220000000000000011003201700000000001500000000 02N0803201730000000000000000000000000000000000000000000000000000000000000000000000000000000000000000000000000000003000000090000000000 
0010001300005Q 011000037513313873GABRIEL COSTA CRUZ                      AV DA SAUDADE 824 SALA 5                PONTE PRETA    13041670CAMPINAS       SP                                                        000                    00000000
0010001300006R 010000000000000000000000000000000000000000000000000000000000000000000000000000000000000000000000000000000000000000000000000000000000000000000000000000000000000000000000000000000000000000000000000000000000000000000000         
00100015         000008                                                                                                                                                                                                                         
00199999         000001000010                                                                                                                                                                                                                   
