00100000         296533310000140002850943001417019  0296290000000178772 CONTADOR AMIGO LTDA. - ME     BANCO DO BRASIL S.A                     109032017090326000000000                                                                          
00100011R01  000 2096533310000140002850943001417019  0296290000000178772 CONTADOR AMIGO LTDA. - ME                                                                                     0000000009032017                                         
0010001300001P 010296290000000178772 28509430387420000   7  220000000000000012304201700000000000630000000 02N0903201720000000000000000000002200000000000000000000000000000000000000000000000000000000000000000000000000000003000000090000000000 
0010001300002Q 011000001290208859JOSE COUTINHO DA SILVA                  RUA JOAO CARNEVALLI, 78                 VILA DIVA      03345020SAO PAULO      SP                                                        000                    00000000
0010001300003R 010000000000000000000000000000000000000000000000001230420170000000000001260000000000000000000000000000000000000000000000000000000000000000000000000000000000000000000000000000000000000000000000000000000000000000000000         
0010001300004P 010296290000000178772 28509430391830000   7  220000000000000010704201700000000000630000000 02N0903201720000000000000000000002200000000000000000000000000000000000000000000000000000000000000000000000000000003000000090000000000 
0010001300005Q 011000040026911876HERNANDO FREIRE DE ALMEIDA              RUA CAPITAL FEDERAL, 208 - APTO 11      SUMARE         01259010SAO PAULO      SP                                                        000                    00000000
0010001300006R 010000000000000000000000000000000000000000000000001070420170000000000001260000000000000000000000000000000000000000000000000000000000000000000000000000000000000000000000000000000000000000000000000000000000000000000000         
0010001300007P 010296290000000178772 28509430393370000   7  220000000000000010504201700000000000630000000 02N0903201720000000000000000000002200000000000000000000000000000000000000000000000000000000000000000000000000000003000000090000000000 
0010001300008Q 012022233032000170ASSEVIP CORRETORA DE SEGUROS LTDA ME    RUA OURO FINO, 283 AP.403               IRAJA          21371230RIO DE JANEIRO RJ                                                        000                    00000000
0010001300009R 010000000000000000000000000000000000000000000000001050420170000000000001260000000000000000000000000000000000000000000000000000000000000000000000000000000000000000000000000000000000000000000000000000000000000000000000         
0010001300010P 010296290000000178772 28509430393480000   7  220000000000000010304201700000000000630000000 02N0903201720000000000000000000002200000000000000000000000000000000000000000000000000000000000000000000000000000003000000090000000000 
0010001300011Q 012013614652000168ANDRE CALEGARI RODRIGUES - ME           R GENEBRA                               PARQUE NOVO ORA09260260SANTO ANDRE    SP                                                        000                    00000000
0010001300012R 010000000000000000000000000000000000000000000000001030420170000000000001260000000000000000000000000000000000000000000000000000000000000000000000000000000000000000000000000000000000000000000000000000000000000000000000         
0010001300013P 010296290000000178772 28509430393520000   7  220000000000000010504201700000000000630000000 02N0903201720000000000000000000002200000000000000000000000000000000000000000000000000000000000000000000000000000003000000090000000000 
0010001300014Q 012021118621000144SIVINI SIQUEIRA ESCRITORIO DE ADVOCACIA R. ERNESTO DE PAULA SANTOS, 1172        BOA VIAGEM     51021330RECIFE         PE                                                        000                    00000000
0010001300015R 010000000000000000000000000000000000000000000000001050420170000000000001260000000000000000000000000000000000000000000000000000000000000000000000000000000000000000000000000000000000000000000000000000000000000000000000         
0010001300016P 010296290000000178772 28509430393530000   7  220000000000000010604201700000000000630000000 02N0903201720000000000000000000002200000000000000000000000000000000000000000000000000000000000000000000000000000003000000090000000000 
0010001300017Q 012008311525000150JJ RIBEIRO CONSULTORES LTDA             RUA PEDRO BORTOLUZZI - 240              JOAO BATISTA TO89820000XANXERE        SC                                                        000                    00000000
0010001300018R 010000000000000000000000000000000000000000000000001060420170000000000001260000000000000000000000000000000000000000000000000000000000000000000000000000000000000000000000000000000000000000000000000000000000000000000000         
0010001300019P 010296290000000178772 28509430393540000   7  220000000000000010804201700000000000630000000 02N0903201720000000000000000000002200000000000000000000000000000000000000000000000000000000000000000000000000000003000000090000000000 
0010001300020Q 012005952834000110RAM SUPORTE EM TECNOLOGIA LTDA          RUA IRINEU CORREIA DA SILVA, 159        JD SATELITE    04815290SAO PAULO      SP                                                        000                    00000000
0010001300021R 010000000000000000000000000000000000000000000000001080420170000000000001260000000000000000000000000000000000000000000000000000000000000000000000000000000000000000000000000000000000000000000000000000000000000000000000         
0010001300022P 010296290000000178772 28509430393550000   7  220000000000000011204201700000000000630000000 02N0903201720000000000000000000002200000000000000000000000000000000000000000000000000000000000000000000000000000003000000090000000000 
0010001300023Q 011000035375940892TATIANA BARTHMANN MOURA                 RUA TUCUNA, 270 APTO 111                PERDIZES       05021010SAO PAULO      SP                                                        000                    00000000
0010001300024R 010000000000000000000000000000000000000000000000001120420170000000000001260000000000000000000000000000000000000000000000000000000000000000000000000000000000000000000000000000000000000000000000000000000000000000000000         
00100015         000026                                                                                                                                                                                                                         
00199999         000001000028                                                                                                                                                                                                                   
