00100000         296533310000140002850943001417019  0296290000000178772 CONTADOR AMIGO LTDA. - ME     BANCO DO BRASIL S.A                     109032017170301000000000                                                                          
00100011R01  000 2096533310000140002850943001417019  0296290000000178772 CONTADOR AMIGO LTDA. - ME                                                                                     0000000009032017                                         
0010001300001P 010296290000000178772 28509432358380000   7  220000000000000010903201700000000000767200000 02N0903201720000000000000000000002200000000000000000000000000000000000000000000000000000000000000000000000000000003000000090000000000 
0010001300002Q 012006341946000106BRZ LOCACAO DE VEICULOS E TRANSPORTE LTDRUA ARMANDO MANTOVANI, 66               JD. AMERICA    12946853ATIBAIA        SP                                                        000                    00000000
0010001300003R 010000000000000000000000000000000000000000000000000000000000000000000000000000000000000000000000000000000000000000000000000000000000000000000000000000000000000000000000000000000000000000000000000000000000000000000000         
0010001300004P 010296290000000178772 28509430370630000   7  220000000000000010903201700000000000694600000 02N0903201720000000000000000000002200000000000000000000000000000000000000000000000000000000000000000000000000000003000000090000000000 
0010001300005Q 012006341946000106BRZ LOCACAO DE VEICULOS E TRANSPORTE LTDRUA ARMANDO MANTOVANI, 66               JD. AMERICA    12946853ATIBAIA        SP                                                        000                    00000000
0010001300006R 010000000000000000000000000000000000000000000000000000000000000000000000000000000000000000000000000000000000000000000000000000000000000000000000000000000000000000000000000000000000000000000000000000000000000000000000         
00100015         000008                                                                                                                                                                                                                         
00199999         000001000010                                                                                                                                                                                                                   
