00100000         296533310000140002850943001417019  0296290000000178772 CONTADOR AMIGO LTDA. - ME     BANCO DO BRASIL S.A                     110032017090327000000000                                                                          
00100011R01  000 2096533310000140002850943001417019  0296290000000178772 CONTADOR AMIGO LTDA. - ME                                                                                     0000000010032017                                         
0010001300001P 010296290000000178772 28509430393910000   7  220000000000000011003201700000000000630000000 02N1003201730000000000000000000000000000000000000000000000000000000000000000000000000000000000000000000000000000003000000090000000000 
0010001300002Q 012008800944000155COSTA                                   RUA GERMANIA, 718                       PARQUE NOVO ORA09260250SANTO ANDRE    SP                                                        000                    00000000
0010001300003R 010000000000000000000000000000000000000000000000000000000000000000000000000000000000000000000000000000000000000000000000000000000000000000000000000000000000000000000000000000000000000000000000000000000000000000000000         
0010001300004P 010296290000000178772 28509430382500000   7  220000000000000011103201700000000000630000000 02N1003201730000000000000000000002200000000000000000000000000000000000000000000000000000000000000000000000000000003000000090000000000 
0010001300005Q 012006341946000106BRZ LOCACAO DE VEICULOS E TRANSPORTE LTDRUA ARMANDO MANTOVANI, 66               JD. AMERICA    12946853ATIBAIA        SP                                                        000                    00000000
0010001300006R 010000000000000000000000000000000000000000000000001110320170000000000001260000000000000000000000000000000000000000000000000000000000000000000000000000000000000000000000000000000000000000000000000000000000000000000000         
0010001300007P 010296290000000178772 28509430388480000   7  220000000000000012404201700000000000630000000 02N1003201730000000000000000000002200000000000000000000000000000000000000000000000000000000000000000000000000000003000000090000000000 
0010001300008Q 012020710533000174WILLIAM FERREIRA DA SILVA 3723          RUA JOAO SCATAMACCHIA, 107              VILA CAMPO GRAN04455130SAO PAULO      SP                                                        000                    00000000
0010001300009R 010000000000000000000000000000000000000000000000001240420170000000000001260000000000000000000000000000000000000000000000000000000000000000000000000000000000000000000000000000000000000000000000000000000000000000000000         
0010001300010P 010296290000000178772 28509430393620000   7  220000000000000010404201700000000000630000000 02N1003201730000000000000000000002200000000000000000000000000000000000000000000000000000000000000000000000000000003000000090000000000 
0010001300011Q 012018191267000179PAULO L MORAES ELETRONICOS - M          RUA MEXICO, 320 S 01                    JARDIM AMERICA 06756360TABOAO DA SERRASP                                                        000                    00000000
0010001300012R 010000000000000000000000000000000000000000000000001040420170000000000001260000000000000000000000000000000000000000000000000000000000000000000000000000000000000000000000000000000000000000000000000000000000000000000000         
0010001300013P 010296290000000178772 28509430393990000   7  220000000000000011204201700000000000630000000 02N1003201730000000000000000000002200000000000000000000000000000000000000000000000000000000000000000000000000000003000000090000000000 
0010001300014Q 012009275012000101COMUNICACAO ESTRATEGICA E MARKETING DIRERUA IRENE RAMOS GOMES DE MATOS, 97/490  PINA           51011530RECIFE         PE                                                        000                    00000000
0010001300015R 010000000000000000000000000000000000000000000000001120420170000000000001260000000000000000000000000000000000000000000000000000000000000000000000000000000000000000000000000000000000000000000000000000000000000000000000         
0010001300016P 010296290000000178772 28509430394010000   7  220000000000000010904201700000000000630000000 02N1003201730000000000000000000002200000000000000000000000000000000000000000000000000000000000000000000000000000003000000090000000000 
0010001300017Q 012016882747000150CARLOS ALBERTO DE OLIVEIRA 13221111894 -RUA BRASILINO MARIANO, 36               COHAB IV       14735000SEVERINIA      SP                                                        000                    00000000
0010001300018R 010000000000000000000000000000000000000000000000001090420170000000000001260000000000000000000000000000000000000000000000000000000000000000000000000000000000000000000000000000000000000000000000000000000000000000000000         
0010001300019P 010296290000000178772 28509430394020000   7  220000000000000011004201700000000000630000000 02N1003201730000000000000000000002200000000000000000000000000000000000000000000000000000000000000000000000000000003000000090000000000 
0010001300020Q 012005982318000139AVLIS AR CONDICIONADO LTDA - ME         SAO JOSE DO RIO PRETO                   PARQUE INDUSTRI15025070SAO JOSE DO RIOSP                                                        000                    00000000
0010001300021R 010000000000000000000000000000000000000000000000001100420170000000000001260000000000000000000000000000000000000000000000000000000000000000000000000000000000000000000000000000000000000000000000000000000000000000000000         
0010001300022P 010296290000000178772 28509430394030000   7  220000000000000010904201700000000000630000000 02N1003201730000000000000000000002200000000000000000000000000000000000000000000000000000000000000000000000000000003000000090000000000 
0010001300023Q 012009069869000167C.C.T. CENTRO DE CURSOS DE IDIOMAS E TRARUA CLODOMIRO AMAZONAS 1422, CONJ. 23   VILA OLIMPIA   04537002SAO PAULO      SP                                                        000                    00000000
0010001300024R 010000000000000000000000000000000000000000000000001090420170000000000001260000000000000000000000000000000000000000000000000000000000000000000000000000000000000000000000000000000000000000000000000000000000000000000000         
0010001300025P 010296290000000178772 28509430394040000   7  220000000000000011204201700000000000630000000 02N1003201730000000000000000000002200000000000000000000000000000000000000000000000000000000000000000000000000000003000000090000000000 
0010001300026Q 011000012893968848VALERIA RODRIGUES DOS SANTOS            RUA JOAO CARBONARI JUNIOR 214 BL 28 APTONOVA JUNDIAINOP13210705JUNDIAI        SP                                                        000                    00000000
0010001300027R 010000000000000000000000000000000000000000000000001120420170000000000001260000000000000000000000000000000000000000000000000000000000000000000000000000000000000000000000000000000000000000000000000000000000000000000000         
00100015         000029                                                                                                                                                                                                                         
00199999         000001000031                                                                                                                                                                                                                   
