00100000         296533310000140002850943001417019  0296290000000178772 CONTADOR AMIGO LTDA. - ME     BANCO DO BRASIL S.A                     113032017150312000000000                                                                          
00100011R01  000 2096533310000140002850943001417019  0296290000000178772 CONTADOR AMIGO LTDA. - ME                                                                                     0000000013032017                                         
0010001300001P 010296290000000178772 28509430356390000   7  220000000000000012504201700000000003540000000 02N1303201720000000000000000000002200000000000000000000000000000000000000000000000000000000000000000000000000000003000000090000000000 
0010001300002Q 012017952955000141F.R. WIEK SOFTWARES - ME                AV. CELSO GARCIA, 5754 - AP 14 - BL 2   TATUAPE        03064000SAO PAULO      SP                                                        000                    00000000
0010001300003R 010000000000000000000000000000000000000000000000001250420170000000000007080000000000000000000000000000000000000000000000000000000000000000000000000000000000000000000000000000000000000000000000000000000000000000000000         
0010001300004P 010296290000000178772 28509430394540000   7  220000000000000010704201700000000000630000000 02N1303201720000000000000000000002200000000000000000000000000000000000000000000000000000000000000000000000000000003000000090000000000 
0010001300005Q 012016559803000110A D R BARBOSA                           R ACRE 98                               VISTA ALEGRE   32400000IBIRITE        MG                                                        000                    00000000
0010001300006R 010000000000000000000000000000000000000000000000001070420170000000000001260000000000000000000000000000000000000000000000000000000000000000000000000000000000000000000000000000000000000000000000000000000000000000000000         
0010001300007P 010296290000000178772 28509430393130000   7  220000000000000010204201700000000000630000000 02N1303201720000000000000000000002200000000000000000000000000000000000000000000000000000000000000000000000000000003000000090000000000 
0010001300008Q 012005894612000199NOVACOMMERCE INTERNET SOFTWARE          RUA OLAVO BILAC 10-05                   JARDIM BELA VIS17060454BAURU          SP                                                        000                    00000000
0010001300009R 010000000000000000000000000000000000000000000000001020420170000000000001260000000000000000000000000000000000000000000000000000000000000000000000000000000000000000000000000000000000000000000000000000000000000000000000         
0010001300010P 010296290000000178772 28509430393610000   7  220000000000000010904201700000000000630000000 02N1303201720000000000000000000002200000000000000000000000000000000000000000000000000000000000000000000000000000003000000090000000000 
0010001300011Q 011000003590762977IRINEO ALBIERO FILHO                    RUA PAMPLONA 1585 APTO 103              JARDIM PAULISTA01405002SAO PAULO      SP                                                        000                    00000000
0010001300012R 010000000000000000000000000000000000000000000000001090420170000000000001260000000000000000000000000000000000000000000000000000000000000000000000000000000000000000000000000000000000000000000000000000000000000000000000         
0010001300013P 010296290000000178772 28509430393960000   7  220000000000000011004201700000000000630000000 02N1303201720000000000000000000002200000000000000000000000000000000000000000000000000000000000000000000000000000003000000090000000000 
0010001300014Q 011000037511065880BRUNO WILLIAM RAFAEL                    RUA JURUPEMA, 1023                      JD: AEROPORTO  13054134CAMPINAS       SP                                                        000                    00000000
0010001300015R 010000000000000000000000000000000000000000000000001100420170000000000001260000000000000000000000000000000000000000000000000000000000000000000000000000000000000000000000000000000000000000000000000000000000000000000000         
0010001300016P 010296290000000178772 28509430394000000   7  220000000000000012504201700000000000630000000 02N1303201720000000000000000000002200000000000000000000000000000000000000000000000000000000000000000000000000000003000000090000000000 
0010001300017Q 012002677897000118CT COMUNICACAO LTDA                     Q.2, CONJ. C-15, BL. B AP 108           SOBRADINHO     73015315BRASILIA       DF                                                        000                    00000000
0010001300018R 010000000000000000000000000000000000000000000000001250420170000000000001260000000000000000000000000000000000000000000000000000000000000000000000000000000000000000000000000000000000000000000000000000000000000000000000         
0010001300019P 010296290000000178772 28509430394690000   7  220000000000000011404201700000000000630000000 02N1303201720000000000000000000002200000000000000000000000000000000000000000000000000000000000000000000000000000003000000090000000000 
0010001300020Q 012007995896000135LEVBERNI CONSULTORIA                    RUA QUINZE DE SETEMBRO, 73              SAUDE          04053070SAO PAULO      SP                                                        000                    00000000
0010001300021R 010000000000000000000000000000000000000000000000001140420170000000000001260000000000000000000000000000000000000000000000000000000000000000000000000000000000000000000000000000000000000000000000000000000000000000000000         
0010001300022P 010296290000000178772 28509430394700000   7  220000000000000011004201700000000000630000000 02N1303201720000000000000000000002200000000000000000000000000000000000000000000000000000000000000000000000000000003000000090000000000 
0010001300023Q 012024661884000193E CARDOSO DE OLIVEIRA ESTUDIO DE GRAVACAESTV  VELHA DO PILAR LOTE 02 QUDRA 10   CHACARAS RIO PE25230610DUQUE DE CAXIASRJ                                                        000                    00000000
0010001300024R 010000000000000000000000000000000000000000000000001100420170000000000001260000000000000000000000000000000000000000000000000000000000000000000000000000000000000000000000000000000000000000000000000000000000000000000000         
0010001300025P 010296290000000178772 28509430394710000   7  220000000000000011004201700000000000630000000 02N1303201720000000000000000000002200000000000000000000000000000000000000000000000000000000000000000000000000000003000000090000000000 
0010001300026Q 012013755353000143HOMERO DE FREITAS GUIMARAES RI          RUA GALILEIA, N  362                    PARQUE SAO JOAO32342190CONTAGEM       MG                                                        000                    00000000
0010001300027R 010000000000000000000000000000000000000000000000001100420170000000000001260000000000000000000000000000000000000000000000000000000000000000000000000000000000000000000000000000000000000000000000000000000000000000000000         
0010001300028P 010296290000000178772 28509430394720000   7  220000000000000011004201700000000000630000000 02N1303201720000000000000000000002200000000000000000000000000000000000000000000000000000000000000000000000000000003000000090000000000 
0010001300029Q 012021832106000121FERNANDO SANTANA CAUMO                  RODOVIA REGIS BITTENCOURT, S/N - KM 288 JARDIM ITAPECER06888700ITAPECERICA DA SP                                                        000                    00000000
0010001300030R 010000000000000000000000000000000000000000000000001100420170000000000001260000000000000000000000000000000000000000000000000000000000000000000000000000000000000000000000000000000000000000000000000000000000000000000000         
0010001300031P 010296290000000178772 28509430394730000   7  220000000000000011004201700000000000630000000 02N1303201720000000000000000000002200000000000000000000000000000000000000000000000000000000000000000000000000000003000000090000000000 
0010001300032Q 012013993580000107ATLAS BROKERS CORRETORA DE SEGUROS LTDA R CAMPOS SALLES, 669                    VILA NOVA      13322060SALTO          SP                                                        000                    00000000
0010001300033R 010000000000000000000000000000000000000000000000001100420170000000000001260000000000000000000000000000000000000000000000000000000000000000000000000000000000000000000000000000000000000000000000000000000000000000000000         
0010001300034P 010296290000000178772 28509430394740000   7  220000000000000011304201700000000000630000000 02N1303201720000000000000000000002200000000000000000000000000000000000000000000000000000000000000000000000000000003000000090000000000 
0010001300035Q 012018837400000111INFOPIRES TELECOM LTDA                  RUA JOSE DE PAULA, LOTE 10 QUADRA 24    PARQUE XEREM   25245550DUQUE DE CAXIASRJ                                                        000                    00000000
0010001300036R 010000000000000000000000000000000000000000000000001130420170000000000001260000000000000000000000000000000000000000000000000000000000000000000000000000000000000000000000000000000000000000000000000000000000000000000000         
0010001300037P 010296290000000178772 28509430394750000   7  220000000000000011004201700000000000630000000 02N1303201720000000000000000000002200000000000000000000000000000000000000000000000000000000000000000000000000000003000000090000000000 
0010001300038Q 012008684484000147FRANCISCO BELA DEAK ME                  RUA JOAO RAMALHO, 586 AP 42B            PERDIZES       05008900SAO PAULO      SP                                                        000                    00000000
0010001300039R 010000000000000000000000000000000000000000000000001100420170000000000001260000000000000000000000000000000000000000000000000000000000000000000000000000000000000000000000000000000000000000000000000000000000000000000000         
0010001300040P 010296290000000178772 28509430394760000   7  220000000000000011304201700000000000630000000 02N1303201720000000000000000000002200000000000000000000000000000000000000000000000000000000000000000000000000000003000000090000000000 
0010001300041Q 012008800944000155COSTA                                   RUA GERMANIA, 718                       PARQUE NOVO ORA09260250SANTO ANDRE    SP                                                        000                    00000000
0010001300042R 010000000000000000000000000000000000000000000000001130420170000000000001260000000000000000000000000000000000000000000000000000000000000000000000000000000000000000000000000000000000000000000000000000000000000000000000         
0010001300043P 010296290000000178772 28509430384640000   7  220000000000000011803201700000000000630000000 02N1303201730000000000000000000000000000000000000000000000000000000000000000000000000000000000000000000000000000003000000090000000000 
0010001300044Q 012012376922000187AUSTRO IMP. COM. DE EQUIP. E SERV.  TECNR. ARTUR DIAS, 288                      SAUDE          04150070SAO PAULO      SP                                                        000                    00000000
0010001300045R 010000000000000000000000000000000000000000000000000000000000000000000000000000000000000000000000000000000000000000000000000000000000000000000000000000000000000000000000000000000000000000000000000000000000000000000000         
00100015         000047                                                                                                                                                                                                                         
00199999         000001000049                                                                                                                                                                                                                   
