00100000         296533310000140002850943001417019  0296290000000178772 CONTADOR AMIGO LTDA. - ME     BANCO DO BRASIL S.A                     114032017100310000000000                                                                          
00100011R01  000 2096533310000140002850943001417019  0296290000000178772 CONTADOR AMIGO LTDA. - ME                                                                                     0000000014032017                                         
0010001300001P 010296290000000178772 28509430395100000   7  220000000000000011403201700000000000630000000 02N1403201720000000000000000000002200000000000000000000000000000000000000000000000000000000000000000000000000000003000000090000000000 
0010001300002Q 011000080490352120LUIZ HENRIQUE DE MORAES DORILEO         RUA: 216 35                             TIJUCAL        78080210CUIABA         MT                                                        000                    00000000
0010001300003R 010000000000000000000000000000000000000000000000001140320170000000000001260000000000000000000000000000000000000000000000000000000000000000000000000000000000000000000000000000000000000000000000000000000000000000000000         
0010001300004P 010296290000000178772 28509430394930000   7  220000000000000011204201700000000000630000000 02N1403201720000000000000000000002200000000000000000000000000000000000000000000000000000000000000000000000000000003000000090000000000 
0010001300005Q 012017438895000143LUIZ FERNANDO ALVES BARBOSA             CONSELHEIRO JOAO ALFREDO, 349 CASA 02   MACUCO         11015220SANTOS         SP                                                        000                    00000000
0010001300006R 010000000000000000000000000000000000000000000000001120420170000000000001260000000000000000000000000000000000000000000000000000000000000000000000000000000000000000000000000000000000000000000000000000000000000000000000         
0010001300007P 010296290000000178772 28509430394910000   7  220000000000000012204201700000000000630000000 02N1403201720000000000000000000002200000000000000000000000000000000000000000000000000000000000000000000000000000003000000090000000000 
0010001300008Q 012004904390000185ASSOCIACAO PROJETO BRASILEIRO DE DANCA  RUA SANTA CLARA, 378                    JARDIM SANTA RI09941270DIADEMA        SP                                                        000                    00000000
0010001300009R 010000000000000000000000000000000000000000000000001220420170000000000001260000000000000000000000000000000000000000000000000000000000000000000000000000000000000000000000000000000000000000000000000000000000000000000000         
00100015         000011                                                                                                                                                                                                                         
00199999         000001000013                                                                                                                                                                                                                   
