00100000         296533310000140002850943001417019  0296290000000178772 CONTADOR AMIGO LTDA. - ME     BANCO DO BRASIL S.A                     115032017170353000000000                                                                          
00100011R01  000 2096533310000140002850943001417019  0296290000000178772 CONTADOR AMIGO LTDA. - ME                                                                                     0000000015032017                                         
0010001300001P 010296290000000178772 28509430395520000   7  220000000000000011503201700000000000630000000 02N1503201730000000000000000000000000000000000000000000000000000000000000000000000000000000000000000000000000000003000000090000000000 
0010001300002Q 012024327437000100INTEC CONSTRUCOES E REFORMAS LTDA       RUA NAMBI 63/102                        PITANGUEIRAS   21930320RIO DE JANEIRO RJ                                                        000                    00000000
0010001300003R 010000000000000000000000000000000000000000000000000000000000000000000000000000000000000000000000000000000000000000000000000000000000000000000000000000000000000000000000000000000000000000000000000000000000000000000000         
0010001300004P 010296290000000178772 28509430394910000   7  220000000000000012204201700000000003780000000 02N1503201730000000000000000000002200000000000000000000000000000000000000000000000000000000000000000000000000000003000000090000000000 
0010001300005Q 012004904390000185ASSOCIACAO PROJETO BRASILEIRO DE DANCA  RUA SANTA CLARA, 378                    JARDIM SANTA RI09941270DIADEMA        SP                                                        000                    00000000
0010001300006R 010000000000000000000000000000000000000000000000001220420170000000000007560000000000000000000000000000000000000000000000000000000000000000000000000000000000000000000000000000000000000000000000000000000000000000000000         
0010001300007P 010296290000000178772 28509430395350000   7  220000000000000011104201700000000000630000000 02N1503201730000000000000000000002200000000000000000000000000000000000000000000000000000000000000000000000000000003000000090000000000 
0010001300008Q 012006341946000106BRZ LOCACAO DE VEICULOS E TRANSPORTE LTDRUA ARMANDO MANTOVANI, 66               JD. AMERICA    12946853ATIBAIA        SP                                                        000                    00000000
0010001300009R 010000000000000000000000000000000000000000000000001110420170000000000001260000000000000000000000000000000000000000000000000000000000000000000000000000000000000000000000000000000000000000000000000000000000000000000000         
0010001300010P 010296290000000178772 28509430395360000   7  220000000000000011304201700000000000630000000 02N1503201730000000000000000000002200000000000000000000000000000000000000000000000000000000000000000000000000000003000000090000000000 
0010001300011Q 012018644292000160ANTONIO CARLOS IBANHES PAES - ME        R. JOSE RABELO LEITE, 400               SANTA ROSA     78040265CUIABA         MT                                                        000                    00000000
0010001300012R 010000000000000000000000000000000000000000000000001130420170000000000001260000000000000000000000000000000000000000000000000000000000000000000000000000000000000000000000000000000000000000000000000000000000000000000000         
0010001300013P 010296290000000178772 28509430395370000   7  220000000000000011304201700000000000630000000 02N1503201730000000000000000000002200000000000000000000000000000000000000000000000000000000000000000000000000000003000000090000000000 
0010001300014Q 011000098334891172JACQUES HULSHOF SAINT MARTIN            RUA ROTA DOS IMIGRANTES, 409, CP 107    CENTRO         13825000HOLAMBRA       SP                                                        000                    00000000
0010001300015R 010000000000000000000000000000000000000000000000001130420170000000000001260000000000000000000000000000000000000000000000000000000000000000000000000000000000000000000000000000000000000000000000000000000000000000000000         
0010001300016P 010296290000000178772 28509430395380000   7  220000000000000011304201700000000000630000000 02N1503201730000000000000000000002200000000000000000000000000000000000000000000000000000000000000000000000000000003000000090000000000 
0010001300017Q 012018034502000107CEZAR AUGUSTO RODRIGUES GONCALVES DA SILRUA ANTONIETA REVOREDO, 463             VILA ELVIRA    04725010SAO PAULO      SP                                                        000                    00000000
0010001300018R 010000000000000000000000000000000000000000000000001130420170000000000001260000000000000000000000000000000000000000000000000000000000000000000000000000000000000000000000000000000000000000000000000000000000000000000000         
0010001300019P 010296290000000178772 28509430395390000   7  220000000000000010904201700000000000630000000 02N1503201730000000000000000000002200000000000000000000000000000000000000000000000000000000000000000000000000000003000000090000000000 
0010001300020Q 012021984849000117A. MOREIRA LIMA SOCIEDADE DE ADVOGADOS  ALAMEDA SANTOS, 200 - 1  ANDAR          BELA VISTA     01418000SAO PAULO      SP                                                        000                    00000000
0010001300021R 010000000000000000000000000000000000000000000000001090420170000000000001260000000000000000000000000000000000000000000000000000000000000000000000000000000000000000000000000000000000000000000000000000000000000000000000         
0010001300022P 010296290000000178772 28509430395400000   7  220000000000000011204201700000000000630000000 02N1503201730000000000000000000002200000000000000000000000000000000000000000000000000000000000000000000000000000003000000090000000000 
0010001300023Q 012023546852000184DMC SERVICOS DE INFORMATICA             RUA PEDRO WIERECK, 15                   AEROPORTO      36038319JUIZ DE FORA   MG                                                        000                    00000000
0010001300024R 010000000000000000000000000000000000000000000000001120420170000000000001260000000000000000000000000000000000000000000000000000000000000000000000000000000000000000000000000000000000000000000000000000000000000000000000         
0010001300025P 010296290000000178772 28509430395410000   7  220000000000000011104201700000000000630000000 02N1503201730000000000000000000002200000000000000000000000000000000000000000000000000000000000000000000000000000003000000090000000000 
0010001300026Q 012008955709000152TOSS CONSULTORIA E RESULTADOS ME LTDA   RUA JOSUE DI BERNARDI, 185 SALA 27      CAMPINAS       88101200SAO JOSE       SC                                                        000                    00000000
0010001300027R 010000000000000000000000000000000000000000000000001110420170000000000001260000000000000000000000000000000000000000000000000000000000000000000000000000000000000000000000000000000000000000000000000000000000000000000000         
0010001300028P 010296290000000178772 28509430395420000   7  220000000000000011204201700000000000630000000 02N1503201730000000000000000000002200000000000000000000000000000000000000000000000000000000000000000000000000000003000000090000000000 
0010001300029Q 012025034749000180LUIS CARLOS A. MERCON DE VARGAS SOCIEDADPC SAN MARTIN, 84/305                   PRAIA DO CANTO 29055170VITORIA        ES                                                        000                    00000000
0010001300030R 010000000000000000000000000000000000000000000000001120420170000000000001260000000000000000000000000000000000000000000000000000000000000000000000000000000000000000000000000000000000000000000000000000000000000000000000         
0010001300031P 010296290000000178772 28509430395430000   7  220000000000000011104201700000000000630000000 02N1503201730000000000000000000002200000000000000000000000000000000000000000000000000000000000000000000000000000003000000090000000000 
0010001300032Q 012022368093000144RICARDO MIGUEL DE PAULA PERES - ME      EST. SALTINHO QUATRO, S/N - CAIXA POSTALBARREIRINHO    13440000SALTINHO       SP                                                        000                    00000000
0010001300033R 010000000000000000000000000000000000000000000000001110420170000000000001260000000000000000000000000000000000000000000000000000000000000000000000000000000000000000000000000000000000000000000000000000000000000000000000         
0010001300034P 010296290000000178772 28509430395700000   7  220000000000000011804201700000000000630000000 02N1503201730000000000000000000002200000000000000000000000000000000000000000000000000000000000000000000000000000003000000090000000000 
0010001300035Q 012013866650000166WIPAVILU SERVICOS ADMINISTRATIVOS LTDA -RUA CORONEL JOSE VENANCIO DIAS 827      JARAGUA        05160030SAO PAULO      SP                                                        000                    00000000
0010001300036R 010000000000000000000000000000000000000000000000001180420170000000000001260000000000000000000000000000000000000000000000000000000000000000000000000000000000000000000000000000000000000000000000000000000000000000000000         
0010001300037P 010296290000000178772 28509430395710000   7  220000000000000011604201700000000000630000000 02N1503201730000000000000000000002200000000000000000000000000000000000000000000000000000000000000000000000000000003000000090000000000 
0010001300038Q 012005878745000171CARLOS DE OLIVEIRA VALERIO INFORMATICA  RUA SIQUEIRA BUENO, 1162                BELENZINHO     03172010SAO PAULO      SP                                                        000                    00000000
0010001300039R 010000000000000000000000000000000000000000000000001160420170000000000001260000000000000000000000000000000000000000000000000000000000000000000000000000000000000000000000000000000000000000000000000000000000000000000000         
0010001300040P 010296290000000178772 28509430395720000   7  220000000000000011404201700000000000630000000 02N1503201730000000000000000000002200000000000000000000000000000000000000000000000000000000000000000000000000000003000000090000000000 
0010001300041Q 012004182392000108MARIA RENI DE OLIVEIRA GAIA ME          RUA  ANTONIO JOSE BASTOS, 159           PARQUE REGINA  05775120SAO PAULO      SP                                                        000                    00000000
0010001300042R 010000000000000000000000000000000000000000000000001140420170000000000001260000000000000000000000000000000000000000000000000000000000000000000000000000000000000000000000000000000000000000000000000000000000000000000000         
0010001300043P 010296290000000178772 28509430395730000   7  220000000000000011404201700000000000630000000 02N1503201730000000000000000000002200000000000000000000000000000000000000000000000000000000000000000000000000000003000000090000000000 
0010001300044Q 012024709728000155STAINLE_SS - SISTEMAS E SERVICOS LTDA. -RUA CARLOS GOMES, 3492                  VILA YAMADA    14802165ARARAQUARA     SP                                                        000                    00000000
0010001300045R 010000000000000000000000000000000000000000000000001140420170000000000001260000000000000000000000000000000000000000000000000000000000000000000000000000000000000000000000000000000000000000000000000000000000000000000000         
0010001300046P 010296290000000178772 28509430395740000   7  220000000000000011404201700000000000630000000 02N1503201730000000000000000000002200000000000000000000000000000000000000000000000000000000000000000000000000000003000000090000000000 
0010001300047Q 012065924797000169CLAULMAR ELETRO ELETRONICA COM          RUA BARTOLOMEU RODRIGUES, 297           PARQUE SAO LUIZ02841090SAO PAULO      SP                                                        000                    00000000
0010001300048R 010000000000000000000000000000000000000000000000001140420170000000000001260000000000000000000000000000000000000000000000000000000000000000000000000000000000000000000000000000000000000000000000000000000000000000000000         
0010001300049P 010296290000000178772 28509430395750000   7  220000000000000011404201700000000000630000000 02N1503201730000000000000000000002200000000000000000000000000000000000000000000000000000000000000000000000000000003000000090000000000 
0010001300050Q 012019644875000154ASCERTY TECNOLOGIA EIRELI ME            AV DOS REMEDIOS, 613 SL 6               V REMEDIOS     06298004OSASCO         SP                                                        000                    00000000
0010001300051R 010000000000000000000000000000000000000000000000001140420170000000000001260000000000000000000000000000000000000000000000000000000000000000000000000000000000000000000000000000000000000000000000000000000000000000000000         
0010001300052P 010296290000000178772 28509430395760000   7  220000000000000011604201700000000000630000000 02N1503201730000000000000000000002200000000000000000000000000000000000000000000000000000000000000000000000000000003000000090000000000 
0010001300053Q 012032081994000104D. QUEIROZ DESENHO E ARTE LTDA          RUA PEDRO DE CARVALHO, 820              LINS DE VASCONC20725233RIO DE JANEIRO RJ                                                        000                    00000000
0010001300054R 010000000000000000000000000000000000000000000000001160420170000000000001260000000000000000000000000000000000000000000000000000000000000000000000000000000000000000000000000000000000000000000000000000000000000000000000         
0010001300055P 010296290000000178772 28509430395770000   7  220000000000000011404201700000000000630000000 02N1503201730000000000000000000002200000000000000000000000000000000000000000000000000000000000000000000000000000003000000090000000000 
0010001300056Q 012022565625000133MULTIPLA ADM CORRETORA DE SEGUROS GERAISRUA VILACA 374 - SALA 316               CENTRO         12210902SAO JOSE DOS CASP                                                        000                    00000000
0010001300057R 010000000000000000000000000000000000000000000000001140420170000000000001260000000000000000000000000000000000000000000000000000000000000000000000000000000000000000000000000000000000000000000000000000000000000000000000         
0010001300058P 010296290000000178772 28509430395780000   7  220000000000000011904201700000000000630000000 02N1503201730000000000000000000002200000000000000000000000000000000000000000000000000000000000000000000000000000003000000090000000000 
0010001300059Q 012025044408000196GOES CURSOS PREPARATORIOS PARA CONCURSOSRUA CLAUDINO DOS SANTOS, 255, CAIXA POSTAFOGADOS       50750030RECIFE         PE                                                        000                    00000000
0010001300060R 010000000000000000000000000000000000000000000000001190420170000000000001260000000000000000000000000000000000000000000000000000000000000000000000000000000000000000000000000000000000000000000000000000000000000000000000         
00100015         000062                                                                                                                                                                                                                         
00199999         000001000064                                                                                                                                                                                                                   
