00100000         296533310000140002850943001417019  0296290000000178772 CONTADOR AMIGO LTDA. - ME     BANCO DO BRASIL S.A                     116032017090304000000000                                                                          
00100011R01  000 2096533310000140002850943001417019  0296290000000178772 CONTADOR AMIGO LTDA. - ME                                                                                     0000000016032017                                         
0010001300001P 010296290000000178772 28509439013140000   7  220000000000000011703201700000000003000000000 02N1603201720000000000000000000002200000000000000000000000000000000000000000000000000000000000000000000000000000003000000090000000000 
0010001300002Q 012096533310000140CONTADOR AMIGO LTDA. - ME               AV. DAS NACOES UNIDAS, 8501 - 17  ANDAR PINHEIROS      05425070SAO PAULO      SP                                                        000                    00000000
0010001300003R 010000000000000000000000000000000000000000000000000000000000000000000000000000000000000000000000000000000000000000000000000000000000000000000000000000000000000000000000000000000000000000000000000000000000000000000000         
0010001300004P 010296290000000178772 28509430389050000   7  220000000000000012003201700000000000630000000 02N1603201720000000000000000000002200000000000000000000000000000000000000000000000000000000000000000000000000000003000000090000000000 
0010001300005Q 011000025039035845MARCIO QUIRINO CARDOSO                  RUA DO LAVRADOR 133                     JD.ANGELA (ZN L03985150SAO PAULO      SP                                                        000                    00000000
0010001300006R 010000000000000000000000000000000000000000000000001200320170000000000001260000000000000000000000000000000000000000000000000000000000000000000000000000000000000000000000000000000000000000000000000000000000000000000000         
0010001300007P 010296290000000178772 28509430374710000   7  220000000000000011603201700000000000694600000 02N1603201720000000000000000000002200000000000000000000000000000000000000000000000000000000000000000000000000000003000000090000000000 
0010001300008Q 012021948984000107CESAR IMOVEIS BR                        AV PINTO ALVEIS 422                     SOBRADINHO     33400000LAGOA SANTA    MG                                                        000                    00000000
0010001300009R 010000000000000000000000000000000000000000000000000000000000000000000000000000000000000000000000000000000000000000000000000000000000000000000000000000000000000000000000000000000000000000000000000000000000000000000000         
0010001300010P 010296290000000178772 28509430394580000   7  220000000000000010604201700000000000630000000 02N1603201720000000000000000000002200000000000000000000000000000000000000000000000000000000000000000000000000000003000000090000000000 
0010001300011Q 012005668555000120ANA LUCIA CASTILHO DE ANDRADE ME        RUA TERESOPOLIS, 281 CASA 02            JARDIM MARILEA 28896022RIO DAS OSTRAS RJ                                                        000                    00000000
0010001300012R 010000000000000000000000000000000000000000000000001060420170000000000001260000000000000000000000000000000000000000000000000000000000000000000000000000000000000000000000000000000000000000000000000000000000000000000000         
0010001300013P 010296290000000178772 28509430394910000   7  220000000000000012204201700000000003780000000 02N1603201720000000000000000000002200000000000000000000000000000000000000000000000000000000000000000000000000000003000000090000000000 
0010001300014Q 012004904390000185ASSOCIACAO PROJETO BRASILEIRO DE DANCA  RUA SANTA CLARA, 378                    JARDIM SANTA RI09941270DIADEMA        SP                                                        000                    00000000
0010001300015R 010000000000000000000000000000000000000000000000001220420170000000000007560000000000000000000000000000000000000000000000000000000000000000000000000000000000000000000000000000000000000000000000000000000000000000000000         
0010001300016P 010296290000000178772 28509430396160000   7  220000000000000011304201700000000000630000000 02N1603201720000000000000000000002200000000000000000000000000000000000000000000000000000000000000000000000000000003000000090000000000 
0010001300017Q 012021295645000179AMAURI SILVEIRA CORREA TECNOLOGIA DA INFRUA DO ARUANA, 67, AP.114-A             PARQUE RESIDENC12246250SAO JOSE DOS CASP                                                        000                    00000000
0010001300018R 010000000000000000000000000000000000000000000000001130420170000000000001260000000000000000000000000000000000000000000000000000000000000000000000000000000000000000000000000000000000000000000000000000000000000000000000         
0010001300019P 010296290000000178772 28509430396170000   7  220000000000000011904201700000000000630000000 02N1603201720000000000000000000002200000000000000000000000000000000000000000000000000000000000000000000000000000003000000090000000000 
0010001300020Q 012012145472000111MANGO INTERCAMBIOS                      AV. JOSE MONTEIRO DE FIQGUEIREDO        DUQUE DE CAXIAS78043300CUIABA         MT                                                        000                    00000000
0010001300021R 010000000000000000000000000000000000000000000000001190420170000000000001260000000000000000000000000000000000000000000000000000000000000000000000000000000000000000000000000000000000000000000000000000000000000000000000         
0010001300022P 010296290000000178772 28509430396180000   7  220000000000000011504201700000000000630000000 02N1603201720000000000000000000002200000000000000000000000000000000000000000000000000000000000000000000000000000003000000090000000000 
0010001300023Q 012012265313000150VC SERVICOS DE ESCRITORIO E APOIO ADMINIRUA 04, NUMERO 20, QUADRA J, COND PARQUEDOM PEDRO      69065061MANAUS         AM                                                        000                    00000000
0010001300024R 010000000000000000000000000000000000000000000000001150420170000000000001260000000000000000000000000000000000000000000000000000000000000000000000000000000000000000000000000000000000000000000000000000000000000000000000         
0010001300025P 010296290000000178772 28509430396190000   7  220000000000000011604201700000000000630000000 02N1603201720000000000000000000002200000000000000000000000000000000000000000000000000000000000000000000000000000003000000090000000000 
0010001300026Q 011000000601165284PATRICK DE OLIVEIRA RAMOS               TRAVESSA COLOMBIA, 2816                 NOVO ESTRELA   68742236CASTANHAL      PA                                                        000                    00000000
0010001300027R 010000000000000000000000000000000000000000000000001160420170000000000001260000000000000000000000000000000000000000000000000000000000000000000000000000000000000000000000000000000000000000000000000000000000000000000000         
0010001300028P 010296290000000178772 28509430396200000   7  220000000000000012004201700000000000630000000 02N1603201720000000000000000000002200000000000000000000000000000000000000000000000000000000000000000000000000000003000000090000000000 
0010001300029Q 011000025039035845MARCIO QUIRINO CARDOSO                  RUA DO LAVRADOR 133                     JD.ANGELA (ZN L03985150SAO PAULO      SP                                                        000                    00000000
0010001300030R 010000000000000000000000000000000000000000000000001200420170000000000001260000000000000000000000000000000000000000000000000000000000000000000000000000000000000000000000000000000000000000000000000000000000000000000000         
00100015         000032                                                                                                                                                                                                                         
00199999         000001000034                                                                                                                                                                                                                   
