00100000         296533310000140002850943001417019  0296290000000178772 CONTADOR AMIGO LTDA. - ME     BANCO DO BRASIL S.A                     116032017170347000000000                                                                          
00100011R01  000 2096533310000140002850943001417019  0296290000000178772 CONTADOR AMIGO LTDA. - ME                                                                                     0000000016032017                                         
0010001300001P 010296290000000178772 28509430396430000   7  220000000000000011603201700000000000630000000 02N1603201720000000000000000000002200000000000000000000000000000000000000000000000000000000000000000000000000000003000000090000000000 
0010001300002Q 012011311169000189FRANCISCO ALVES PEREIRA                 AVENIDA CENTRAL                         TRIZIDELA      65415000COROATA        MA                                                        000                    00000000
0010001300003R 010000000000000000000000000000000000000000000000001160320170000000000001260000000000000000000000000000000000000000000000000000000000000000000000000000000000000000000000000000000000000000000000000000000000000000000000         
0010001300004P 010296290000000178772 28509430386160000   7  220000000000000012003201700000000000630000000 02N1603201720000000000000000000002200000000000000000000000000000000000000000000000000000000000000000000000000000003000000090000000000 
0010001300005Q 012021948984000107CESAR IMOVEIS BR                        AV PINTO ALVEIS 422                     SOBRADINHO     33400000LAGOA SANTA    MG                                                        000                    00000000
0010001300006R 010000000000000000000000000000000000000000000000001200320170000000000001260000000000000000000000000000000000000000000000000000000000000000000000000000000000000000000000000000000000000000000000000000000000000000000000         
0010001300007P 010296290000000178772 28509430386460000   7  220000000000000012203201700000000001890000000 02N1603201730000000000000000000000000000000000000000000000000000000000000000000000000000000000000000000000000000003000000090000000000 
0010001300008Q 012026606373000102MARCO AURELIO ALVES DE OLIVEIRA - SOCIEDST SDN LOTE CONJ. NACIONAL SL 4096      ASA NORTE      70077900BRASILIA       DF                                                        000                    00000000
0010001300009R 010000000000000000000000000000000000000000000000000000000000000000000000000000000000000000000000000000000000000000000000000000000000000000000000000000000000000000000000000000000000000000000000000000000000000000000000         
0010001300010P 010296290000000178772 28509430396480000   7  220000000000000011603201700000000000630000000 02N1603201730000000000000000000000000000000000000000000000000000000000000000000000000000000000000000000000000000003000000090000000000 
0010001300011Q 011000033025426829FABIO MONTEFUSCOLO                      RUA PAUL HARRIS                         FABIO MONTEFUSC18130750SAO ROQUE      SP                                                        000                    00000000
0010001300012R 010000000000000000000000000000000000000000000000000000000000000000000000000000000000000000000000000000000000000000000000000000000000000000000000000000000000000000000000000000000000000000000000000000000000000000000000         
0010001300013P 010296290000000178772 28509430396510000   7  220000000000000011603201700000000005880000000 02N1603201730000000000000000000000000000000000000000000000000000000000000000000000000000000000000000000000000000003000000090000000000 
0010001300014Q 012026723075000194SHIRLEI MELO SERVICOS EM INFORMATICA LTDAVENIDA FABIO EDUARDO RAMOS ESQUIVEL, 29CANHEMA        09941202DIADEMA        SP                                                        000                    00000000
0010001300015R 010000000000000000000000000000000000000000000000000000000000000000000000000000000000000000000000000000000000000000000000000000000000000000000000000000000000000000000000000000000000000000000000000000000000000000000000         
0010001300016P 010296290000000178772 28509431352950000   7  220000000000000011603201700000000000800200000 02N1603201730000000000000000000002200000000000000000000000000000000000000000000000000000000000000000000000000000003000000090000000000 
0010001300017Q 012020462411000106KAIZEN DESENVOLVIMENTO DE SOFTWARES     RUA 7 DE SETEMBRO, 832                  CENTRO         79002121CAMPO GRANDE   MS                                                        000                    00000000
0010001300018R 010000000000000000000000000000000000000000000000000000000000000000000000000000000000000000000000000000000000000000000000000000000000000000000000000000000000000000000000000000000000000000000000000000000000000000000000         
0010001300019P 010296290000000178772 28509430366240000   7  220000000000000011603201700000000000732000000 02N1603201730000000000000000000002200000000000000000000000000000000000000000000000000000000000000000000000000000003000000090000000000 
0010001300020Q 012020462411000106KAIZEN DESENVOLVIMENTO DE SOFTWARES     RUA 7 DE SETEMBRO, 832                  CENTRO         79002121CAMPO GRANDE   MS                                                        000                    00000000
0010001300021R 010000000000000000000000000000000000000000000000000000000000000000000000000000000000000000000000000000000000000000000000000000000000000000000000000000000000000000000000000000000000000000000000000000000000000000000000         
00100015         000023                                                                                                                                                                                                                         
00199999         000001000025                                                                                                                                                                                                                   
