00100000         296533310000140002850943001417019  0296290000000178772 CONTADOR AMIGO LTDA. - ME     BANCO DO BRASIL S.A                     117032017090342000000000                                                                          
00100011R01  000 2096533310000140002850943001417019  0296290000000178772 CONTADOR AMIGO LTDA. - ME                                                                                     0000000017032017                                         
0010001300001P 010296290000000178772 28509430376680000   7  220000000000000010105201700000000001890000000 02N1703201720000000000000000000002200000000000000000000000000000000000000000000000000000000000000000000000000000003000000090000000000 
0010001300002Q 012018655924000191ELIEL GUIMARAES VIEIRA DE SOUZA - ME    AV. INTERLAGOS, 1585 - BL. ALPHA 2 AP. 2JARDIM UMUARAMA04661100SAO PAULO      SP                                                        000                    00000000
0010001300003R 010000000000000000000000000000000000000000000000001010520170000000000003780000000000000000000000000000000000000000000000000000000000000000000000000000000000000000000000000000000000000000000000000000000000000000000000         
0010001300004P 010296290000000178772 28509430389120000   7  220000000000000010104201700000000000630000000 02N1703201720000000000000000000002200000000000000000000000000000000000000000000000000000000000000000000000000000003000000090000000000 
0010001300005Q 012015478163000151LEANDRO FERREIRA DOS SANTOS SOCIEDADE DERUA ARGELIA, 93, JARDIM DAS FLORES      JARDIM DAS FLOR06110280OSASCO         SP                                                        000                    00000000
0010001300006R 010000000000000000000000000000000000000000000000001010420170000000000001260000000000000000000000000000000000000000000000000000000000000000000000000000000000000000000000000000000000000000000000000000000000000000000000         
0010001300007P 010296290000000178772 28509430393470000   7  220000000000000010304201700000000000630000000 02N1703201720000000000000000000002200000000000000000000000000000000000000000000000000000000000000000000000000000003000000090000000000 
0010001300008Q 012013743883000171USER TECNOLOGIA DA INFORMACAO & COMUNICARICARDO SANTOS, NUMERO 82               MUTUA          24461150SAO GONCALO    RJ                                                        000                    00000000
0010001300009R 010000000000000000000000000000000000000000000000001030420170000000000001260000000000000000000000000000000000000000000000000000000000000000000000000000000000000000000000000000000000000000000000000000000000000000000000         
0010001300010P 010296290000000178772 28509430394910000   7  220000000000000012204201700000000003780000000 02N1703201720000000000000000000002200000000000000000000000000000000000000000000000000000000000000000000000000000003000000090000000000 
0010001300011Q 012004904390000185ASSOCIACAO PROJETO BRASILEIRO DE DANCA  RUA SANTA CLARA, 378                    JARDIM SANTA RI09941270DIADEMA        SP                                                        000                    00000000
0010001300012R 010000000000000000000000000000000000000000000000001220420170000000000007560000000000000000000000000000000000000000000000000000000000000000000000000000000000000000000000000000000000000000000000000000000000000000000000         
0010001300013P 010296290000000178772 28509430396460000   7  220000000000000011204201700000000000630000000 02N1703201720000000000000000000002200000000000000000000000000000000000000000000000000000000000000000000000000000003000000090000000000 
0010001300014Q 012021425867000169ANA LAURA DE LARA ARDAIA ME             RUA MAJOR GAMA 645                      CENTRO         78020170CUIABA         MT                                                        000                    00000000
0010001300015R 010000000000000000000000000000000000000000000000001120420170000000000001260000000000000000000000000000000000000000000000000000000000000000000000000000000000000000000000000000000000000000000000000000000000000000000000         
0010001300016P 010296290000000178772 28509430396730000   7  220000000000000011604201700000000000630000000 02N1703201720000000000000000000002200000000000000000000000000000000000000000000000000000000000000000000000000000003000000090000000000 
0010001300017Q 011000058426710930MARCO AURELIO SAMPAIO                   RUA VICTOR GABARDO 134                  UMBARA         81940260CURITIBA       PR                                                        000                    00000000
0010001300018R 010000000000000000000000000000000000000000000000001160420170000000000001260000000000000000000000000000000000000000000000000000000000000000000000000000000000000000000000000000000000000000000000000000000000000000000000         
0010001300019P 010296290000000178772 28509430396740000   7  220000000000000012104201700000000000630000000 02N1703201720000000000000000000002200000000000000000000000000000000000000000000000000000000000000000000000000000003000000090000000000 
0010001300020Q 0120233000390001202GPR ENGENHARIA E CONSULTORIA LTDA-ME   RUA JAIME BENEVOLO 71 - AP 203          ENGENHO DE DENT20730330RIO DE JANEIRO RJ                                                        000                    00000000
0010001300021R 010000000000000000000000000000000000000000000000001210420170000000000001260000000000000000000000000000000000000000000000000000000000000000000000000000000000000000000000000000000000000000000000000000000000000000000000         
0010001300022P 010296290000000178772 28509430396750000   7  220000000000000011604201700000000000630000000 02N1703201720000000000000000000002200000000000000000000000000000000000000000000000000000000000000000000000000000003000000090000000000 
0010001300023Q 012011311169000189FRANCISCO ALVES PEREIRA                 AVENIDA CENTRAL                         TRIZIDELA      65415000COROATA        MA                                                        000                    00000000
0010001300024R 010000000000000000000000000000000000000000000000001160420170000000000001260000000000000000000000000000000000000000000000000000000000000000000000000000000000000000000000000000000000000000000000000000000000000000000000         
0010001300025P 010296290000000178772 28509430396760000   7  220000000000000011704201700000000000630000000 02N1703201720000000000000000000002200000000000000000000000000000000000000000000000000000000000000000000000000000003000000090000000000 
0010001300026Q 011000033025426829FABIO MONTEFUSCOLO                      RUA PAUL HARRIS                         FABIO MONTEFUSC18130750SAO ROQUE      SP                                                        000                    00000000
0010001300027R 010000000000000000000000000000000000000000000000001170420170000000000001260000000000000000000000000000000000000000000000000000000000000000000000000000000000000000000000000000000000000000000000000000000000000000000000         
0010001300028P 010296290000000178772 28509430396780000   7  220000000000000011604201700000000000630000000 02N1703201720000000000000000000002200000000000000000000000000000000000000000000000000000000000000000000000000000003000000090000000000 
0010001300029Q 012013970148000109RENIVALDO PEREIRA BARBOSA MANUTENCAO    RUA FALCHI GIANINI, 1107                VILA PRUDENTE  03136040SAO PAULO      SP                                                        000                    00000000
0010001300030R 010000000000000000000000000000000000000000000000001160420170000000000001260000000000000000000000000000000000000000000000000000000000000000000000000000000000000000000000000000000000000000000000000000000000000000000000         
00100015         000032                                                                                                                                                                                                                         
00199999         000001000034                                                                                                                                                                                                                   
