00100000         296533310000140002850943001417019  0296290000000178772 CONTADOR AMIGO LTDA. - ME     BANCO DO BRASIL S.A                     117032017170317000000000                                                                          
00100011R01  000 2096533310000140002850943001417019  0296290000000178772 CONTADOR AMIGO LTDA. - ME                                                                                     0000000017032017                                         
0010001300001P 010296290000000178772 28509430397060000   7  220000000000000011703201700000000000630000000 02N1703201720000000000000000000002200000000000000000000000000000000000000000000000000000000000000000000000000000003000000090000000000 
0010001300002Q 012002958591000130R N DA SILVA SERVICOS ME                RUA 1 DE MAIO, 157 SAO JORGE            SAO JORGE      69033380MANAUS         AM                                                        000                    00000000
0010001300003R 010000000000000000000000000000000000000000000000001170320170000000000001260000000000000000000000000000000000000000000000000000000000000000000000000000000000000000000000000000000000000000000000000000000000000000000000         
00100015         000005                                                                                                                                                                                                                         
00199999         000001000007                                                                                                                                                                                                                   
