00100000         296533310000140002850943001417019  0296290000000178772 CONTADOR AMIGO LTDA. - ME     BANCO DO BRASIL S.A                     121032017090309000000000                                                                          
00100011R01  000 2096533310000140002850943001417019  0296290000000178772 CONTADOR AMIGO LTDA. - ME                                                                                     0000000021032017                                         
0010001300001P 010296290000000178772 28509430390060000   7  220000000000000010104201700000000000630000000 02N2103201730000000000000000000000000000000000000000000000000000000000000000000000000000000000000000000000000000003000000090000000000 
0010001300002Q 012008821474000106S.COMM TELECOMUNICACOES LTDA            RUA SOUZA FILHO,304                     VILA UNIAO     02911060SAO PAULO      SP                                                        000                    00000000
0010001300003R 010000000000000000000000000000000000000000000000000000000000000000000000000000000000000000000000000000000000000000000000000000000000000000000000000000000000000000000000000000000000000000000000000000000000000000000000         
0010001300004P 010296290000000178772 28509430393920000   7  220000000000000010404201700000000000630000000 02N2103201730000000000000000000002200000000000000000000000000000000000000000000000000000000000000000000000000000003000000090000000000 
0010001300005Q 011000032463759844VICTOR HUGO CALEFI GIGLIO               RUA RENATO DOS SANTOS 100               PQ REAL II     13803846MOGI-MIRIM     SP                                                        000                    00000000
0010001300006R 010000000000000000000000000000000000000000000000001040420170000000000001260000000000000000000000000000000000000000000000000000000000000000000000000000000000000000000000000000000000000000000000000000000000000000000000         
0010001300007P 010296290000000178772 28509430394910000   7  220000000000000012204201700000000001260000000 02N2103201730000000000000000000002200000000000000000000000000000000000000000000000000000000000000000000000000000003000000090000000000 
0010001300008Q 012004904390000185ASSOCIACAO PROJETO BRASILEIRO DE DANCA  RUA SANTA CLARA, 378                    JARDIM SANTA RI09941270DIADEMA        SP                                                        000                    00000000
0010001300009R 010000000000000000000000000000000000000000000000001220420170000000000002520000000000000000000000000000000000000000000000000000000000000000000000000000000000000000000000000000000000000000000000000000000000000000000000         
0010001300010P 010296290000000178772 28509430397510000   7  220000000000000011304201700000000000630000000 02N2103201730000000000000000000002200000000000000000000000000000000000000000000000000000000000000000000000000000003000000090000000000 
0010001300011Q 012019630465000154DUKA PRESTACAO DE SERVICOS ADMINISTRATIVCARLOS GOMES                            PONTE SAO JOAO 13215001JUNDIAI        SP                                                        000                    00000000
0010001300012R 010000000000000000000000000000000000000000000000001130420170000000000001260000000000000000000000000000000000000000000000000000000000000000000000000000000000000000000000000000000000000000000000000000000000000000000000         
0010001300013P 010296290000000178772 28509430398230000   7  220000000000000012104201700000000000630000000 02N2103201730000000000000000000002200000000000000000000000000000000000000000000000000000000000000000000000000000003000000090000000000 
0010001300014Q 0120109172600001803LEMENTAL MANUTENCAO E SOLUCOE          RUA FERREIRA CANTAO, 876                IRAJA          21235180RIO DE JANEIRO RJ                                                        000                    00000000
0010001300015R 010000000000000000000000000000000000000000000000001210420170000000000001260000000000000000000000000000000000000000000000000000000000000000000000000000000000000000000000000000000000000000000000000000000000000000000000         
0010001300016P 010296290000000178772 28509430398240000   7  220000000000000011804201700000000000630000000 02N2103201730000000000000000000002200000000000000000000000000000000000000000000000000000000000000000000000000000003000000090000000000 
0010001300017Q 012014144258000176ADJ ASSESSORIA FINANCEIRA               AV MARECHAL MASCARENHAS DE MORAES       BENTO FERREIRA 29050667VITORIA        ES                                                        000                    00000000
0010001300018R 010000000000000000000000000000000000000000000000001180420170000000000001260000000000000000000000000000000000000000000000000000000000000000000000000000000000000000000000000000000000000000000000000000000000000000000000         
0010001300019P 010296290000000178772 28509430398250000   7  220000000000000012104201700000000000630000000 02N2103201730000000000000000000002200000000000000000000000000000000000000000000000000000000000000000000000000000003000000090000000000 
0010001300020Q 012018043870000103ADNA CORREA DE MELO DA SILVA            RUA ITATIBA 270                         NOVO CAMPOS ELI13050545CAMPINAS       SP                                                        000                    00000000
0010001300021R 010000000000000000000000000000000000000000000000001210420170000000000001260000000000000000000000000000000000000000000000000000000000000000000000000000000000000000000000000000000000000000000000000000000000000000000000         
0010001300022P 010296290000000178772 28509430398270000   7  220000000000000011904201700000000000630000000 02N2103201730000000000000000000002200000000000000000000000000000000000000000000000000000000000000000000000000000003000000090000000000 
0010001300023Q 012020380613000109DANIEL RAHAL MARTINS BARBOSA SERVICOS   RUA AIMBERE 1893                        SUMARE         01258020SAO PAULO      SP                                                        000                    00000000
0010001300024R 010000000000000000000000000000000000000000000000001190420170000000000001260000000000000000000000000000000000000000000000000000000000000000000000000000000000000000000000000000000000000000000000000000000000000000000000         
0010001300025P 010296290000000178772 28509430398280000   7  220000000000000012304201700000000000630000000 02N2103201730000000000000000000002200000000000000000000000000000000000000000000000000000000000000000000000000000003000000090000000000 
0010001300026Q 012074589615000131RL MIX AUDIOGRAVACAO E EDUCACAO         AV. BRIG. FARIA LIMA 1616 CJ 1002       JARDIM PAULISTA01451001SAO PAULO      SP                                                        000                    00000000
0010001300027R 010000000000000000000000000000000000000000000000001230420170000000000001260000000000000000000000000000000000000000000000000000000000000000000000000000000000000000000000000000000000000000000000000000000000000000000000         
0010001300028P 010296290000000178772 28509430398290000   7  220000000000000012604201700000000000630000000 02N2103201730000000000000000000002200000000000000000000000000000000000000000000000000000000000000000000000000000003000000090000000000 
0010001300029Q 012000629574000123MOTIF TECNICA LTDA - ME                 RUA COMENDADOR JOSE ALVES FERREIRA, 66 -GARCIA         40100160SALVADOR       BA                                                        000                    00000000
0010001300030R 010000000000000000000000000000000000000000000000001260420170000000000001260000000000000000000000000000000000000000000000000000000000000000000000000000000000000000000000000000000000000000000000000000000000000000000000         
0010001300031P 010296290000000178772 28509430398300000   7  220000000000000012104201700000000000630000000 02N2103201730000000000000000000002200000000000000000000000000000000000000000000000000000000000000000000000000000003000000090000000000 
0010001300032Q 012014057242000126EQUILIBRE CURSOS E TREINAMENTOS LTDA-ME RUA ANTONIO CARLOS FABER,764            JARDIM PORTAS D13482525LIMEIRA        SP                                                        000                    00000000
0010001300033R 010000000000000000000000000000000000000000000000001210420170000000000001260000000000000000000000000000000000000000000000000000000000000000000000000000000000000000000000000000000000000000000000000000000000000000000000         
0010001300034P 010296290000000178772 28509430398310000   7  220000000000000012004201700000000000630000000 02N2103201730000000000000000000002200000000000000000000000000000000000000000000000000000000000000000000000000000003000000090000000000 
0010001300035Q 012011933128000124JACQUELINE SOUZA DE OLIVEIRA            RUA DIAS VIEIRA, 525                    VILA SONIA     05632091SAO PAULO      SP                                                        000                    00000000
0010001300036R 010000000000000000000000000000000000000000000000001200420170000000000001260000000000000000000000000000000000000000000000000000000000000000000000000000000000000000000000000000000000000000000000000000000000000000000000         
0010001300037P 010296290000000178772 28509430398320000   7  220000000000000012004201700000000000630000000 02N2103201730000000000000000000002200000000000000000000000000000000000000000000000000000000000000000000000000000003000000090000000000 
0010001300038Q 012017620038000160CONCEICAO APARECIDA DE FELICE           RUA BAMBORE, 427                        IPIRANGA       04278060SAO PAULO      SP                                                        000                    00000000
0010001300039R 010000000000000000000000000000000000000000000000001200420170000000000001260000000000000000000000000000000000000000000000000000000000000000000000000000000000000000000000000000000000000000000000000000000000000000000000         
0010001300040P 010296290000000178772 28509430398330000   7  220000000000000012304201700000000000630000000 02N2103201730000000000000000000002200000000000000000000000000000000000000000000000000000000000000000000000000000003000000090000000000 
0010001300041Q 012023708476000187BONATO, PEREIRA & DO VAL SOCIEDADE DE ADRUA CAPITAO CIRILO LOBATO, 200          CENTRO         12020100TAUBATE        SP                                                        000                    00000000
0010001300042R 010000000000000000000000000000000000000000000000001230420170000000000001260000000000000000000000000000000000000000000000000000000000000000000000000000000000000000000000000000000000000000000000000000000000000000000000         
0010001300043P 010296290000000178772 28509430398340000   7  220000000000000012304201700000000000630000000 02N2103201730000000000000000000002200000000000000000000000000000000000000000000000000000000000000000000000000000003000000090000000000 
0010001300044Q 011000009225082835MARCIO LUIS DE AGUIAR                   RUA JOAO THOMAZINI, 165                 JARDIM MEXICO  13253430ITATIBA        SP                                                        000                    00000000
0010001300045R 010000000000000000000000000000000000000000000000001230420170000000000001260000000000000000000000000000000000000000000000000000000000000000000000000000000000000000000000000000000000000000000000000000000000000000000000         
0010001300046P 010296290000000178772 28509430398350000   7  220000000000000012004201700000000000630000000 02N2103201730000000000000000000002200000000000000000000000000000000000000000000000000000000000000000000000000000003000000090000000000 
0010001300047Q 011000005992473718MARCO JOSE DA GLORIA MENDES             CAIXA POSTAL, N  525                    IBES           29108973VILA VELHA     ES                                                        000                    00000000
0010001300048R 010000000000000000000000000000000000000000000000001200420170000000000001260000000000000000000000000000000000000000000000000000000000000000000000000000000000000000000000000000000000000000000000000000000000000000000000         
0010001300049P 010296290000000178772 28509430398360000   7  220000000000000012104201700000000000630000000 02N2103201730000000000000000000002200000000000000000000000000000000000000000000000000000000000000000000000000000003000000090000000000 
0010001300050Q 012021165664000180ALEANA EVANGELISTA DA SILVA             RUA JOAO VIEIRA DE MAGALHAES            CENTRO         48570000SANTA BRIGIDA  BA                                                        000                    00000000
0010001300051R 010000000000000000000000000000000000000000000000001210420170000000000001260000000000000000000000000000000000000000000000000000000000000000000000000000000000000000000000000000000000000000000000000000000000000000000000         
00100015         000053                                                                                                                                                                                                                         
00199999         000001000055                                                                                                                                                                                                                   
