00100000         296533310000140002850943001417019  0296290000000178772 CONTADOR AMIGO LTDA. - ME     BANCO DO BRASIL S.A                     121032017170348000000000                                                                          
00100011R01  000 2096533310000140002850943001417019  0296290000000178772 CONTADOR AMIGO LTDA. - ME                                                                                     0000000021032017                                         
0010001300001P 010296290000000178772 28509430398470000   7  220000000000000012103201700000000000630000000 02N2103201730000000000000000000000000000000000000000000000000000000000000000000000000000000000000000000000000000003000000090000000000 
0010001300002Q 012012376922000187AUSTRO IMP. COM. DE EQUIP. E SERV.  TECNR. ARTUR DIAS, 288                      SAUDE          04150070SAO PAULO      SP                                                        000                    00000000
0010001300003R 010000000000000000000000000000000000000000000000000000000000000000000000000000000000000000000000000000000000000000000000000000000000000000000000000000000000000000000000000000000000000000000000000000000000000000000000         
00100015         000005                                                                                                                                                                                                                         
00199999         000001000007                                                                                                                                                                                                                   
