00100000         296533310000140002850943001417019  0296290000000178772 CONTADOR AMIGO LTDA. - ME     BANCO DO BRASIL S.A                     122032017090313000000000                                                                          
00100011R01  000 2096533310000140002850943001417019  0296290000000178772 CONTADOR AMIGO LTDA. - ME                                                                                     0000000022032017                                         
0010001300001P 010296290000000178772 28509430396090000   7  220000000000000011004201700000000000630000000 02N2203201720000000000000000000002200000000000000000000000000000000000000000000000000000000000000000000000000000003000000090000000000 
0010001300002Q 012022159705000199ANDRESSA FRONZA ME                      RUA ALFONSO SOUZA E SILVA, 69           AGUA VERDE     89037035BLUMENAU       SC                                                        000                    00000000
0010001300003R 010000000000000000000000000000000000000000000000001100420170000000000001260000000000000000000000000000000000000000000000000000000000000000000000000000000000000000000000000000000000000000000000000000000000000000000000         
0010001300004P 010296290000000178772 28509430394910000   7  220000000000000012204201700000000001260000000 02N2203201720000000000000000000002200000000000000000000000000000000000000000000000000000000000000000000000000000003000000090000000000 
0010001300005Q 012004904390000185ASSOCIACAO PROJETO BRASILEIRO DE DANCA  RUA SANTA CLARA, 378                    JARDIM SANTA RI09941270IPEUNA         SP                                                        000                    00000000
0010001300006R 010000000000000000000000000000000000000000000000001220420170000000000002520000000000000000000000000000000000000000000000000000000000000000000000000000000000000000000000000000000000000000000000000000000000000000000000         
0010001300007P 010296290000000178772 28509430397520000   7  220000000000000011204201700000000000630000000 02N2203201720000000000000000000002200000000000000000000000000000000000000000000000000000000000000000000000000000003000000090000000000 
0010001300008Q 012019382255000194ENGMEC AUTOMACAO LTDA ME                RUA ENGENHEIRO ABRAHAO DIAB MALUF 50    PARQUE ALVES DE05181300SAO PAULO      SP                                                        000                    00000000
0010001300009R 010000000000000000000000000000000000000000000000001120420170000000000001260000000000000000000000000000000000000000000000000000000000000000000000000000000000000000000000000000000000000000000000000000000000000000000000         
0010001300010P 010296290000000178772 28509430398830000   7  220000000000000012104201700000000000630000000 02N2203201720000000000000000000002200000000000000000000000000000000000000000000000000000000000000000000000000000003000000090000000000 
0010001300011Q 012017150507000124FERNANDO DAVID LEITE ME                 RUA FAZENDA MONTE ALEGRE, 107           PIRITUBA       05160060SAO PAULO      SP                                                        000                    00000000
0010001300012R 010000000000000000000000000000000000000000000000001210420170000000000001260000000000000000000000000000000000000000000000000000000000000000000000000000000000000000000000000000000000000000000000000000000000000000000000         
0010001300013P 010296290000000178772 28509430398840000   7  220000000000000012204201700000000000630000000 02N2203201720000000000000000000002200000000000000000000000000000000000000000000000000000000000000000000000000000003000000090000000000 
0010001300014Q 012012376922000187AUSTRO IMP. COM. DE EQUIP. E SERV.  TECNR. ARTUR DIAS, 288                      SAUDE          04150070SAO PAULO      SP                                                        000                    00000000
0010001300015R 010000000000000000000000000000000000000000000000001220420170000000000001260000000000000000000000000000000000000000000000000000000000000000000000000000000000000000000000000000000000000000000000000000000000000000000000         
00100015         000017                                                                                                                                                                                                                         
00199999         000001000019                                                                                                                                                                                                                   
