00100000         296533310000140002850943001417019  0296290000000178772 CONTADOR AMIGO LTDA. - ME     BANCO DO BRASIL S.A                     123032017090333000000000                                                                          
00100011R01  000 2096533310000140002850943001417019  0296290000000178772 CONTADOR AMIGO LTDA. - ME                                                                                     0000000023032017                                         
0010001300001P 010296290000000178772 28509430399040000   7  220000000000000012303201700000000000630000000 02N2303201730000000000000000000000000000000000000000000000000000000000000000000000000000000000000000000000000000003000000090000000000 
0010001300002Q 012024327437000100INTEC CONSTRUCOES E REFORMAS LTDA       RUA NAMBI 63/102                        PITANGUEIRAS   21930320RIO DE JANEIRO RJ                                                        000                    00000000
0010001300003R 010000000000000000000000000000000000000000000000000000000000000000000000000000000000000000000000000000000000000000000000000000000000000000000000000000000000000000000000000000000000000000000000000000000000000000000000         
0010001300004P 010296290000000178772 28509430393460000   7  220000000000000010304201700000000000630000000 02N2303201730000000000000000000002200000000000000000000000000000000000000000000000000000000000000000000000000000003000000090000000000 
0010001300005Q 011000009438827706FLAVIA CRISTINA PINTO TRAJANO           RUA BARAO DE COTEGIPE 594 APT 302       VILA ISABEL    20560080RIO DE JANEIRO RJ                                                        000                    00000000
0010001300006R 010000000000000000000000000000000000000000000000001030420170000000000001260000000000000000000000000000000000000000000000000000000000000000000000000000000000000000000000000000000000000000000000000000000000000000000000         
0010001300007P 010296290000000178772 28509430397710000   7  220000000000000011704201700000000000630000000 02N2303201730000000000000000000002200000000000000000000000000000000000000000000000000000000000000000000000000000003000000090000000000 
0010001300008Q 012006906871000155JV TRANSPORTE E TURISMO LTDA            RUA VON IHERING, 115                    BARREIRINHA    82700180CURITIBA       PR                                                        000                    00000000
0010001300009R 010000000000000000000000000000000000000000000000001170420170000000000001260000000000000000000000000000000000000000000000000000000000000000000000000000000000000000000000000000000000000000000000000000000000000000000000         
0010001300010P 010296290000000178772 28509430398800000   7  220000000000000011604201700000000000630000000 02N2303201730000000000000000000002200000000000000000000000000000000000000000000000000000000000000000000000000000003000000090000000000 
0010001300011Q 012021228970000119CASTELLOBRANCO ARQUITETURA E CONSTRUCAO AVENIDA NOSSA SENHORA DE COPACABANA 103/COPACABANA     22020002RIO DE JANEIRO RJ                                                        000                    00000000
0010001300012R 010000000000000000000000000000000000000000000000001160420170000000000001260000000000000000000000000000000000000000000000000000000000000000000000000000000000000000000000000000000000000000000000000000000000000000000000         
0010001300013P 010296290000000178772 28509430399120000   7  220000000000000012204201700000000000630000000 02N2303201730000000000000000000002200000000000000000000000000000000000000000000000000000000000000000000000000000003000000090000000000 
0010001300014Q 012010867998000180DT COMUNICACAO DIGITAL EPP - LTDA       RUA PREFEITO DANIEL PORTELA, 554        JARDIM IZABEL  87309180CAMPO MOURAO   PR                                                        000                    00000000
0010001300015R 010000000000000000000000000000000000000000000000001220420170000000000001260000000000000000000000000000000000000000000000000000000000000000000000000000000000000000000000000000000000000000000000000000000000000000000000         
0010001300016P 010296290000000178772 28509430399130000   7  220000000000000012404201700000000000630000000 02N2303201730000000000000000000002200000000000000000000000000000000000000000000000000000000000000000000000000000003000000090000000000 
0010001300017Q 011000005707454705RAPHAEL CARDOSO MOTA PEREIRA            RUA CEL. FRANCISO MOREIRA DA COSTA, 31 -CENTRO         37540000SANTA RITA DO SMG                                                        000                    00000000
0010001300018R 010000000000000000000000000000000000000000000000001240420170000000000001260000000000000000000000000000000000000000000000000000000000000000000000000000000000000000000000000000000000000000000000000000000000000000000000         
0010001300019P 010296290000000178772 28509430399140000   7  220000000000000012404201700000000000630000000 02N2303201730000000000000000000002200000000000000000000000000000000000000000000000000000000000000000000000000000003000000090000000000 
0010001300020Q 012012759009000160JULIO CESAR MOREIRA LANGE DE BARROS SERVRUA PROFESSOR JOSE LANDULFO, 109        PARQUE SONIA   04126110SAO PAULO      SP                                                        000                    00000000
0010001300021R 010000000000000000000000000000000000000000000000001240420170000000000001260000000000000000000000000000000000000000000000000000000000000000000000000000000000000000000000000000000000000000000000000000000000000000000000         
0010001300022P 010296290000000178772 28509430399150000   7  220000000000000012204201700000000000630000000 02N2303201730000000000000000000002200000000000000000000000000000000000000000000000000000000000000000000000000000003000000090000000000 
0010001300023Q 011000008886360835MARCOS FERREIRA VERAS                   RUA TEOFILA VANDERLINDE, 1066           CIDADE OCIAN   11704460PRAIA GRANDE   SP                                                        000                    00000000
0010001300024R 010000000000000000000000000000000000000000000000001220420170000000000001260000000000000000000000000000000000000000000000000000000000000000000000000000000000000000000000000000000000000000000000000000000000000000000000         
00100015         000026                                                                                                                                                                                                                         
00199999         000001000028                                                                                                                                                                                                                   
