00100000         296533310000140002850943001417019  0296290000000178772 CONTADOR AMIGO LTDA. - ME     BANCO DO BRASIL S.A                     123032017180347000000000                                                                          
00100011R01  000 2096533310000140002850943001417019  0296290000000178772 CONTADOR AMIGO LTDA. - ME                                                                                     0000000023032017                                         
0010001300001P 010296290000000178772 28509430399390000   7  220000000000000012303201700000000000630000000 02N2303201720000000000000000000002200000000000000000000000000000000000000000000000000000000000000000000000000000003000000090000000000 
0010001300002Q 012018860050000104CLECIO OLIVEIRA SOUZA - ME              AVENIDA SANTOS LOPES 231-A              CENTRO         44900000IRECE          BA                                                        000                    00000000
0010001300003R 010000000000000000000000000000000000000000000000001230320170000000000001260000000000000000000000000000000000000000000000000000000000000000000000000000000000000000000000000000000000000000000000000000000000000000000000         
0010001300004P 010296290000000178772 28509430397900000   7  220000000000000011905201700000000000630000000 02N2303201730000000000000000000000000000000000000000000000000000000000000000000000000000000000000000000000000000003000000090000000000 
0010001300005Q 012025221036000126LUIS ANTONIO GUIMARAES DA SILVA JUNIOR 1RUA PROJ A, C LT 11 QD 01               VILA SANTO ANTO25040317DUQUE DE CAXIASRJ                                                        000                    00000000
0010001300006R 010000000000000000000000000000000000000000000000000000000000000000000000000000000000000000000000000000000000000000000000000000000000000000000000000000000000000000000000000000000000000000000000000000000000000000000000         
00100015         000008                                                                                                                                                                                                                         
00199999         000001000010                                                                                                                                                                                                                   
