00100000         296533310000140002850943001417019  0296290000000178772 CONTADOR AMIGO LTDA. - ME     BANCO DO BRASIL S.A                     124032017090359000000000                                                                          
00100011R01  000 2096533310000140002850943001417019  0296290000000178772 CONTADOR AMIGO LTDA. - ME                                                                                     0000000024032017                                         
0010001300001P 010296290000000178772 28509430387370000   7  220000000000000012403201700000000005880000000 02N2403201720000000000000000000002200000000000000000000000000000000000000000000000000000000000000000000000000000003000000090000000000 
0010001300002Q 011000010688278825EMERSON EDUARDO MANCINI                 RUA PASCOAL MOREIRA, 99                 MOOCA          03182050SAO PAULO      SP                                                        000                    00000000
0010001300003R 010000000000000000000000000000000000000000000000001240320170000000000011760000000000000000000000000000000000000000000000000000000000000000000000000000000000000000000000000000000000000000000000000000000000000000000000         
0010001300004P 010296290000000178772 28509430391610000   7  220000000000000010104201700000000000630000000 02N2403201720000000000000000000002200000000000000000000000000000000000000000000000000000000000000000000000000000003000000090000000000 
0010001300005Q 012023067324000142ITAMAR BORGES DOS SANTOS 104.625.828-17 RUA JOSE TIMOTHEO DA SILVA              JD CIRINO      06172220OSASCO         SP                                                        000                    00000000
0010001300006R 010000000000000000000000000000000000000000000000001010420170000000000001260000000000000000000000000000000000000000000000000000000000000000000000000000000000000000000000000000000000000000000000000000000000000000000000         
0010001300007P 010296290000000178772 28509430394910000   7  220000000000000012204201700000000001260000000 02N2403201720000000000000000000002200000000000000000000000000000000000000000000000000000000000000000000000000000003000000090000000000 
0010001300008Q 012004904390000185ASSOCIACAO PROJETO BRASILEIRO DE DANCA  RUA SANTA CLARA, 378                    JARDIM SANTA RI09941270IBIRA          SP                                                        000                    00000000
0010001300009R 010000000000000000000000000000000000000000000000001220420170000000000002520000000000000000000000000000000000000000000000000000000000000000000000000000000000000000000000000000000000000000000000000000000000000000000000         
0010001300010P 010296290000000178772 28509430399160000   7  220000000000000012204201700000000000630000000 02N2403201720000000000000000000002200000000000000000000000000000000000000000000000000000000000000000000000000000003000000090000000000 
0010001300011Q 012060433240000101PEDRO FRALETTI AGRO REPRESENTACOES LTDA PEDRO JOSE VIEIRA - 50                  CENTRO         18580000PEREIRAS       SP                                                        000                    00000000
0010001300012R 010000000000000000000000000000000000000000000000001220420170000000000001260000000000000000000000000000000000000000000000000000000000000000000000000000000000000000000000000000000000000000000000000000000000000000000000         
0010001300013P 010296290000000178772 28509430399600000   7  220000000000000012504201700000000000630000000 02N2403201720000000000000000000002200000000000000000000000000000000000000000000000000000000000000000000000000000003000000090000000000 
0010001300014Q 012020722065000158MARIANA PENA KINOSHITA PRODUCOES ME     RUA ABILIO SOARES, 140 CJ 22            PARAISO        04005000SAO PAULO      SP                                                        000                    00000000
0010001300015R 010000000000000000000000000000000000000000000000001250420170000000000001260000000000000000000000000000000000000000000000000000000000000000000000000000000000000000000000000000000000000000000000000000000000000000000000         
00100015         000017                                                                                                                                                                                                                         
00199999         000001000019                                                                                                                                                                                                                   
