00100000         296533310000140002850943001417019  0296290000000178772 CONTADOR AMIGO LTDA. - ME     BANCO DO BRASIL S.A                     127032017180358000000000                                                                          
00100011R01  000 2096533310000140002850943001417019  0296290000000178772 CONTADOR AMIGO LTDA. - ME                                                                                     0000000027032017                                         
0010001300001P 010296290000000178772 28509430400490000   7  220000000000000012703201700000000000630000000 02N2703201730000000000000000000000000000000000000000000000000000000000000000000000000000000000000000000000000000003000000090000000000 
0010001300002Q 012012431547000120ELIZANGELA A R SANTOS ME                RUA RODRIGO VIEIRA, 320                 JARDIM VILA MAR04115060SAO PAULO      SP                                                        000                    00000000
0010001300003R 010000000000000000000000000000000000000000000000000000000000000000000000000000000000000000000000000000000000000000000000000000000000000000000000000000000000000000000000000000000000000000000000000000000000000000000000         
0010001300004P 010296290000000178772 28509439014100000   7  220000000000000012903201700000000001500000000 02N2703201730000000000000000000002200000000000000000000000000000000000000000000000000000000000000000000000000000003000000090000000000 
0010001300005Q 012096533310000140CONTADOR AMIGO LTDA. - ME               AV. DAS NACOES UNIDAS, 8501 - 17  ANDAR JARDIM SANTA RI05425070SAO PAULO      SP                                                        000                    00000000
0010001300006R 010000000000000000000000000000000000000000000000000000000000000000000000000000000000000000000000000000000000000000000000000000000000000000000000000000000000000000000000000000000000000000000000000000000000000000000000         
0010001300007P 010296290000000178772 28509439014090000   7  220000000000000012903201700000000001500000000 02N2703201730000000000000000000002200000000000000000000000000000000000000000000000000000000000000000000000000000003000000090000000000 
0010001300008Q 012004904390000185ASSOCIACAO PROJETO BRASILEIRO DE DANCA  RUA SANTA CLARA, 378                    JARDIM SANTA RI09941270IBIRA          SP                                                        000                    00000000
0010001300009R 010000000000000000000000000000000000000000000000000000000000000000000000000000000000000000000000000000000000000000000000000000000000000000000000000000000000000000000000000000000000000000000000000000000000000000000000         
00100015         000011                                                                                                                                                                                                                         
00199999         000001000013                                                                                                                                                                                                                   
