00100000         296533310000140002850943001417019  0296290000000178772 CONTADOR AMIGO LTDA. - ME     BANCO DO BRASIL S.A                     128032017170334000000000                                                                          
00100011R01  000 2096533310000140002850943001417019  0296290000000178772 CONTADOR AMIGO LTDA. - ME                                                                                     0000000028032017                                         
0010001300001P 010296290000000178772 28509430387220000   7  220000000000000012803201700000000000668200000 02N2803201720000000000000000000002200000000000000000000000000000000000000000000000000000000000000000000000000000003000000090000000000 
0010001300002Q 012021945105000193MARCOS DE S. LOPES                      TENENTE POLICIA CARLOS MENDES,232       JARDIM MARISA  13053214CAMPINAS       SP                                                        000                    00000000
0010001300003R 010000000000000000000000000000000000000000000000000000000000000000000000000000000000000000000000000000000000000000000000000000000000000000000000000000000000000000000000000000000000000000000000000000000000000000000000         
0010001300004P 010296290000000178772 28509433369050000   7  220000000000000012803201700000000000729800000 02N2803201720000000000000000000002200000000000000000000000000000000000000000000000000000000000000000000000000000003000000090000000000 
0010001300005Q 012021945105000193MARCOS DE S. LOPES                      TENENTE POLICIA CARLOS MENDES,232       JARDIM MARISA  13053214CAMPINAS       SP                                                        000                    00000000
0010001300006R 010000000000000000000000000000000000000000000000000000000000000000000000000000000000000000000000000000000000000000000000000000000000000000000000000000000000000000000000000000000000000000000000000000000000000000000000         
0010001300007P 010296290000000178772 28509439014210000   7  220000000000000010204201700000000000630000000 02N2803201720000000000000000000002200000000000000000000000000000000000000000000000000000000000000000000000000000003000000090000000000 
0010001300008Q 012008350863000109CRIATIVOS SERVICOS EM MULTIMIDIA LTDA   RUA COSTEIRA, 925                       JD. ARIZE      03573010SAO PAULO      SP                                                        000                    00000000
0010001300009R 010000000000000000000000000000000000000000000000000000000000000000000000000000000000000000000000000000000000000000000000000000000000000000000000000000000000000000000000000000000000000000000000000000000000000000000000         
0010001300010P 010296290000000178772 28509430400900000   7  220000000000000012704201700000000000630000000 02N2803201730000000000000000000000000000000000000000000000000000000000000000000000000000000000000000000000000000003000000090000000000 
0010001300011Q 012018295569000197CLOUD SOURCE DESENVOLVIMENTO DE SISTEMASRUA SANTOS DUMONT, 481                  CENTRO         85851040FOZ DO IGUACU  PR                                                        000                    00000000
0010001300012R 010000000000000000000000000000000000000000000000000000000000000000000000000000000000000000000000000000000000000000000000000000000000000000000000000000000000000000000000000000000000000000000000000000000000000000000000         
00100015         000014                                                                                                                                                                                                                         
00199999         000001000016                                                                                                                                                                                                                   
