00100000         296533310000140002850943001417019  0296290000000178772 CONTADOR AMIGO LTDA. - ME     BANCO DO BRASIL S.A                     129032017100354000000000                                                                          
00100011R01  000 2096533310000140002850943001417019  0296290000000178772 CONTADOR AMIGO LTDA. - ME                                                                                     0000000029032017                                         
0010001300001P 010296290000000178772 28509431379470000   7  220000000000000010504201700000000000630000000 02N2903201720000000000000000000002200000000000000000000000000000000000000000000000000000000000000000000000000000003000000090000000000 
0010001300002Q 012000000496452932DIOGO TERIBELE                          RUA PEDRO ALVARES CABRAL, 867 AP 603    VILA ROSA      93310330NOVO HAMBURGO  RS                                                        000                    00000000
0010001300003R 010000000000000000000000000000000000000000000000001050420170000000000001260000000000000000000000000000000000000000000000000000000000000000000000000000000000000000000000000000000000000000000000000000000000000000000000         
0010001300004P 010296290000000178772 28509430396120000   7  220000000000000011604201700000000000630000000 02N2903201720000000000000000000002200000000000000000000000000000000000000000000000000000000000000000000000000000003000000090000000000 
0010001300005Q 012021945105000193MARCOS DE S. LOPES                      TENENTE POLICIA CARLOS MENDES,232       JARDIM MARISA  13053214CAMPINAS       SP                                                        000                    00000000
0010001300006R 010000000000000000000000000000000000000000000000001160420170000000000001260000000000000000000000000000000000000000000000000000000000000000000000000000000000000000000000000000000000000000000000000000000000000000000000         
0010001300007P 010296290000000178772 28509430399080000   7  220000000000000011704201700000000001260000000 02N2903201720000000000000000000002200000000000000000000000000000000000000000000000000000000000000000000000000000003000000090000000000 
0010001300008Q 012024264478000197ELLEN CRISTIAN PIRES SIMOES ME          AV: CELSO GARCIA 1907 - BL 21 APTO 163  BRAS           03015000SAO PAULO      SP                                                        000                    00000000
0010001300009R 010000000000000000000000000000000000000000000000001170420170000000000002520000000000000000000000000000000000000000000000000000000000000000000000000000000000000000000000000000000000000000000000000000000000000000000000         
0010001300010P 010296290000000178772 28509430400170000   7  220000000000000012004201700000000000630000000 02N2903201720000000000000000000002200000000000000000000000000000000000000000000000000000000000000000000000000000003000000090000000000 
0010001300011Q 012021948984000107CESAR IMOVEIS BR                        AV PINTO ALVEIS 422                     SOBRADINHO     33400000LAGOA SANTA    MG                                                        000                    00000000
0010001300012R 010000000000000000000000000000000000000000000000001200420170000000000001260000000000000000000000000000000000000000000000000000000000000000000000000000000000000000000000000000000000000000000000000000000000000000000000         
0010001300013P 010296290000000178772 28509430400730000   7  220000000000000012704201700000000000630000000 02N2903201720000000000000000000002200000000000000000000000000000000000000000000000000000000000000000000000000000003000000090000000000 
0010001300014Q 012000000000000000EAD ENSINAR - TECNOLOGIA DA INFORMACAO  RUA GENERAL SAMPAIO - 200                              78110580CAMPO GRANDE   MS                                                        000                    00000000
0010001300015R 010000000000000000000000000000000000000000000000001270420170000000000001260000000000000000000000000000000000000000000000000000000000000000000000000000000000000000000000000000000000000000000000000000000000000000000000         
0010001300016P 010296290000000178772 28509430400950000   7  220000000000000012704201700000000000630000000 02N2903201720000000000000000000002200000000000000000000000000000000000000000000000000000000000000000000000000000003000000090000000000 
0010001300017Q 012038785879000105JOAO CARLOS SCAIFE ME                   AV. DEPUTADO EMILIO CARLOS 12           LIMAO          02720000SAO PAULO      SP                                                        000                    00000000
0010001300018R 010000000000000000000000000000000000000000000000001270420170000000000001260000000000000000000000000000000000000000000000000000000000000000000000000000000000000000000000000000000000000000000000000000000000000000000000         
0010001300019P 010296290000000178772 28509430401210000   7  220000000000000012804201700000000000630000000 02N2903201720000000000000000000002200000000000000000000000000000000000000000000000000000000000000000000000000000003000000090000000000 
0010001300020Q 012005161173000105PROTEXTO & DESIGN S/C LTDA.             RUA GENERAL JARDIM, 662                 VILA BUARQUE   01223010SAO PAULO      SP                                                        000                    00000000
0010001300021R 010000000000000000000000000000000000000000000000001280420170000000000001260000000000000000000000000000000000000000000000000000000000000000000000000000000000000000000000000000000000000000000000000000000000000000000000         
0010001300022P 010296290000000178772 28509430401220000   7  220000000000000012804201700000000000630000000 02N2903201720000000000000000000002200000000000000000000000000000000000000000000000000000000000000000000000000000003000000090000000000 
0010001300023Q 012014081841000185SUPERBLUE SERVICOS DE FOTOGRAFIA LTDA - RUA HUMBERTO DE CAMPOS, 827/331         LEBLON         22430190RIO DE JANEIRO RJ                                                        000                    00000000
0010001300024R 010000000000000000000000000000000000000000000000001280420170000000000001260000000000000000000000000000000000000000000000000000000000000000000000000000000000000000000000000000000000000000000000000000000000000000000000         
0010001300025P 010296290000000178772 28509430401230000   7  220000000000000010105201700000000000630000000 02N2903201720000000000000000000002200000000000000000000000000000000000000000000000000000000000000000000000000000003000000090000000000 
0010001300026Q 012021544328000149TATIANA C.V ALVES                       R: JERONIMO ALVES, 239                  JD SANTO ANDRE 08390120SAO PAULO      SP                                                        000                    00000000
0010001300027R 010000000000000000000000000000000000000000000000001010520170000000000001260000000000000000000000000000000000000000000000000000000000000000000000000000000000000000000000000000000000000000000000000000000000000000000000         
0010001300028P 010296290000000178772 28509430401240000   7  220000000000000012504201700000000000630000000 02N2903201720000000000000000000002200000000000000000000000000000000000000000000000000000000000000000000000000000003000000090000000000 
0010001300029Q 012026462053000118MS DO NASCIMENTO ROCHA ASSESSORIA NAVAL RUA SALGADO FILHO 3365                  SAO JOAO BOSCO 76803776PORTO VELHO    RO                                                        000                    00000000
0010001300030R 010000000000000000000000000000000000000000000000001250420170000000000001260000000000000000000000000000000000000000000000000000000000000000000000000000000000000000000000000000000000000000000000000000000000000000000000         
0010001300031P 010296290000000178772 28509430401250000   7  220000000000000012804201700000000000630000000 02N2903201720000000000000000000002200000000000000000000000000000000000000000000000000000000000000000000000000000003000000090000000000 
0010001300032Q 012011371318000103BRASIL LOC. COM. P. MAQ. LTDA           RUA SEVERINO LARA, 8                    VENDA NOVA     31610260BELO HORIZONTE MG                                                        000                    00000000
0010001300033R 010000000000000000000000000000000000000000000000001280420170000000000001260000000000000000000000000000000000000000000000000000000000000000000000000000000000000000000000000000000000000000000000000000000000000000000000         
00100015         000035                                                                                                                                                                                                                         
00199999         000001000037                                                                                                                                                                                                                   
