00100000         296533310000140002850943001417019  0296290000000178772 CONTADOR AMIGO LTDA. - ME     BANCO DO BRASIL S.A                     129032017180334000000000                                                                          
00100011R01  000 2096533310000140002850943001417019  0296290000000178772 CONTADOR AMIGO LTDA. - ME                                                                                     0000000029032017                                         
0010001300001P 010296290000000178772 28509430400210000   7  220000000000000012504201700000000000630000000 02N2903201720000000000000000000002200000000000000000000000000000000000000000000000000000000000000000000000000000003000000090000000000 
0010001300002Q 012022777466000130MARIA ERENILDA SOUZA MOTA - ME          RUA INACIO COSTA ,  222                 VILA DALILA    03025030SAO PAULO      SP                                                        000                    00000000
0010001300003R 010000000000000000000000000000000000000000000000001250420170000000000001260000000000000000000000000000000000000000000000000000000000000000000000000000000000000000000000000000000000000000000000000000000000000000000000         
0010001300004P 010296290000000178772 28509431376170000   7  220000000000000012903201700000000000707800000 02N2903201720000000000000000000002200000000000000000000000000000000000000000000000000000000000000000000000000000003000000090000000000 
0010001300005Q 012022777466000130MARIA ERENILDA SOUZA MOTA - ME          RUA INACIO COSTA ,  222                 VILA DALILA    03025030SAO PAULO      SP                                                        000                    00000000
0010001300006R 010000000000000000000000000000000000000000000000000000000000000000000000000000000000000000000000000000000000000000000000000000000000000000000000000000000000000000000000000000000000000000000000000000000000000000000000         
0010001300007P 010296290000000178772 28509430390180000   7  220000000000000012903201700000000000646200000 02N2903201720000000000000000000002200000000000000000000000000000000000000000000000000000000000000000000000000000003000000090000000000 
0010001300008Q 012022777466000130MARIA ERENILDA SOUZA MOTA - ME          RUA INACIO COSTA ,  222                 VILA DALILA    03025030SAO PAULO      SP                                                        000                    00000000
0010001300009R 010000000000000000000000000000000000000000000000000000000000000000000000000000000000000000000000000000000000000000000000000000000000000000000000000000000000000000000000000000000000000000000000000000000000000000000000         
0010001300010P 010296290000000178772 28509430401490000   7  220000000000000012903201700000000000630000000 02N2903201720000000000000000000002200000000000000000000000000000000000000000000000000000000000000000000000000000003000000090000000000 
0010001300011Q 012010337288000148BRUXELLAS PRODUCOES LTDA                AV EPITACIO PESSOA, 2.330/ 301          LAGOA          22411072RIO DE JANEIRO RJ                                                        000                    00000000
0010001300012R 010000000000000000000000000000000000000000000000001290320170000000000001260000000000000000000000000000000000000000000000000000000000000000000000000000000000000000000000000000000000000000000000000000000000000000000000         
00100015         000014                                                                                                                                                                                                                         
00199999         000001000016                                                                                                                                                                                                                   
