00100000         296533310000140002850943001417019  0296290000000178772 CONTADOR AMIGO LTDA. - ME     BANCO DO BRASIL S.A                     130032017100335000000000                                                                          
00100011R01  000 2096533310000140002850943001417019  0296290000000178772 CONTADOR AMIGO LTDA. - ME                                                                                     0000000030032017                                         
0010001300001P 010296290000000178772 28509430397460000   7  220000000000000011404201700000000000630000000 02N3003201720000000000000000000002200000000000000000000000000000000000000000000000000000000000000000000000000000003000000090000000000 
0010001300002Q 012017490724000163ROSSIANO R CASARIN & CIA LTDA           AV. VENANCIO AIRES 2275                 CENTRO         98803000SANTO ANGELO   RS                                                        000                    00000000
0010001300003R 010000000000000000000000000000000000000000000000001140420170000000000001260000000000000000000000000000000000000000000000000000000000000000000000000000000000000000000000000000000000000000000000000000000000000000000000         
0010001300004P 010296290000000178772 28509430401270000   7  220000000000000010205201700000000000630000000 02N3003201720000000000000000000002200000000000000000000000000000000000000000000000000000000000000000000000000000003000000090000000000 
0010001300005Q 012008350863000109CRIATIVOS SERVICOS EM MULTIMIDIA LTDA   RUA COSTEIRA, 925                       JD. ARIZE      03573010SAO PAULO      SP                                                        000                    00000000
0010001300006R 010000000000000000000000000000000000000000000000001020520170000000000001260000000000000000000000000000000000000000000000000000000000000000000000000000000000000000000000000000000000000000000000000000000000000000000000         
0010001300007P 010296290000000178772 28509430401500000   7  220000000000000012904201700000000000630000000 02N3003201720000000000000000000002200000000000000000000000000000000000000000000000000000000000000000000000000000003000000090000000000 
0010001300008Q 012010337288000148BRUXELLAS PRODUCOES LTDA                AV EPITACIO PESSOA, 2.330/ 301          LAGOA          22411072RIO DE JANEIRO RJ                                                        000                    00000000
0010001300009R 010000000000000000000000000000000000000000000000001290420170000000000001260000000000000000000000000000000000000000000000000000000000000000000000000000000000000000000000000000000000000000000000000000000000000000000000         
0010001300010P 010296290000000178772 28509430401760000   7  220000000000000012804201700000000000630000000 02N3003201720000000000000000000002200000000000000000000000000000000000000000000000000000000000000000000000000000003000000090000000000 
0010001300011Q 012019459066000172ALISON GUEDES ALTMAYER - ME             ANDRADAS, 322                           CENTRO         96200030RIO GRANDE     RS                                                        000                    00000000
0010001300012R 010000000000000000000000000000000000000000000000001280420170000000000001260000000000000000000000000000000000000000000000000000000000000000000000000000000000000000000000000000000000000000000000000000000000000000000000         
0010001300013P 010296290000000178772 28509430401770000   7  220000000000000012604201700000000000630000000 02N3003201720000000000000000000002200000000000000000000000000000000000000000000000000000000000000000000000000000003000000090000000000 
0010001300014Q 012020344920000134LUCK BACK COM E IMPORTACAO LTDA         RUA PROJETADA DOIS, 36                  PARQUE XEREM   25245402DUQUE DE CAXIASRJ                                                        000                    00000000
0010001300015R 010000000000000000000000000000000000000000000000001260420170000000000001260000000000000000000000000000000000000000000000000000000000000000000000000000000000000000000000000000000000000000000000000000000000000000000000         
0010001300016P 010296290000000178772 28509430401780000   7  220000000000000012704201700000000000630000000 02N3003201720000000000000000000002200000000000000000000000000000000000000000000000000000000000000000000000000000003000000090000000000 
0010001300017Q 012007241834000138BRANDAO E BICKER ADVOGADOS ASSOCIADOS   RUA LINCOLN ALBUQUERQUE, 299, APTO. 121 PERDIZES       05004010SAO PAULO      SP                                                        000                    00000000
0010001300018R 010000000000000000000000000000000000000000000000001270420170000000000001260000000000000000000000000000000000000000000000000000000000000000000000000000000000000000000000000000000000000000000000000000000000000000000000         
0010001300019P 010296290000000178772 28509430401790000   7  220000000000000010105201700000000000630000000 02N3003201720000000000000000000002200000000000000000000000000000000000000000000000000000000000000000000000000000003000000090000000000 
0010001300020Q 012013486243000123WALTECIR LOPES - GESBRASIL              AV. PAULISTA, 726 - 17  ANDAR - CONJ. 17SAO PAULO      01310910SAO PAULO      SP                                                        000                    00000000
0010001300021R 010000000000000000000000000000000000000000000000001010520170000000000001260000000000000000000000000000000000000000000000000000000000000000000000000000000000000000000000000000000000000000000000000000000000000000000000         
00100015         000023                                                                                                                                                                                                                         
00199999         000001000025                                                                                                                                                                                                                   
