00100000         296533310000140002850943001417019  0296290000000178772 CONTADOR AMIGO LTDA. - ME     BANCO DO BRASIL S.A                     130032017180302000000000                                                                          
00100011R01  000 2096533310000140002850943001417019  0296290000000178772 CONTADOR AMIGO LTDA. - ME                                                                                     0000000030032017                                         
0010001300001P 010296290000000178772 28509430401930000   7  220000000000000013003201700000000000630000000 02N3003201730000000000000000000000000000000000000000000000000000000000000000000000000000000000000000000000000000003000000090000000000 
0010001300002Q 012021945666000192LENICE NOGUEIRA MAGALHAES BATISTA 105348AV ENGENHEIRO THOMAZ MAGALHAES          SITIO DA FIGUEI03211020SAO PAULO      SP                                                        000                    00000000
0010001300003R 010000000000000000000000000000000000000000000000000000000000000000000000000000000000000000000000000000000000000000000000000000000000000000000000000000000000000000000000000000000000000000000000000000000000000000000000         
00100015         000005                                                                                                                                                                                                                         
00199999         000001000007                                                                                                                                                                                                                   
