00100000         296533310000140002850943001417019  0296290000000178772 CONTADOR AMIGO LTDA. - ME     BANCO DO BRASIL S.A                     131032017090336000000000                                                                          
00100011R01  000 2096533310000140002850943001417019  0296290000000178772 CONTADOR AMIGO LTDA. - ME                                                                                     0000000031032017                                         
0010001300001P 010296290000000178772 28509430402240000   7  220000000000000013103201700000000000630000000 02N3103201720000000000000000000002200000000000000000000000000000000000000000000000000000000000000000000000000000003000000090000000000 
0010001300002Q 012021373250000147PETRUS IT SERVICOS DE INFORMATICA LTDA -RUA JORNALISTA MOACIR PADILHA 70 801 BLOCENTRO         24020350NITEROI        RJ                                                        000                    00000000
0010001300003R 010000000000000000000000000000000000000000000000001310320170000000000001260000000000000000000000000000000000000000000000000000000000000000000000000000000000000000000000000000000000000000000000000000000000000000000000         
0010001300004P 010296290000000178772 28509430402290000   7  220000000000000010505201700000000000630000000 02N3103201720000000000000000000002200000000000000000000000000000000000000000000000000000000000000000000000000000003000000090000000000 
0010001300005Q 012014224328000104ALEXANDRE LUIS FERREIRA ME              RUA ANTONIO ROSSI, 164                  JARDIM ROSSI   13486138LIMEIRA        SP                                                        000                    00000000
0010001300006R 010000000000000000000000000000000000000000000000001050520170000000000001260000000000000000000000000000000000000000000000000000000000000000000000000000000000000000000000000000000000000000000000000000000000000000000000         
0010001300007P 010296290000000178772 28509430402300000   7  220000000000000012804201700000000000630000000 02N3103201720000000000000000000002200000000000000000000000000000000000000000000000000000000000000000000000000000003000000090000000000 
0010001300008Q 012007679828000167VIVIANE BUSCH PROJETO E INTERIORES LTDA R VISCONDE DO RIO BRANCO                CENTRO         80420210CURITIBA       PR                                                        000                    00000000
0010001300009R 010000000000000000000000000000000000000000000000001280420170000000000001260000000000000000000000000000000000000000000000000000000000000000000000000000000000000000000000000000000000000000000000000000000000000000000000         
0010001300010P 010296290000000178772 28509430402310000   7  220000000000000010105201700000000000630000000 02N3103201720000000000000000000002200000000000000000000000000000000000000000000000000000000000000000000000000000003000000090000000000 
0010001300011Q 012032318875000122SYNAPSE TREINAMENTO EMPRESARIAL LTDA    RUA DEPUT JOSE DA ROCHA RIBAS 111, BLC 0BARRA DA TIJUCA22630000RIO DE JANEIRO RJ                                                        000                    00000000
0010001300012R 010000000000000000000000000000000000000000000000001010520170000000000001260000000000000000000000000000000000000000000000000000000000000000000000000000000000000000000000000000000000000000000000000000000000000000000000         
0010001300013P 010296290000000178772 28509430402320000   7  220000000000000010105201700000000000630000000 02N3103201720000000000000000000002200000000000000000000000000000000000000000000000000000000000000000000000000000003000000090000000000 
0010001300014Q 012019099781000141IMOBILIARIA CAMPO LARGO                 AVENIDA PEDRO PIRES DE MELO, 793        CAMPO LARGO    18160000SALTO DE PIRAPOSP                                                        000                    00000000
0010001300015R 010000000000000000000000000000000000000000000000001010520170000000000001260000000000000000000000000000000000000000000000000000000000000000000000000000000000000000000000000000000000000000000000000000000000000000000000         
0010001300016P 010296290000000178772 28509430402330000   7  220000000000000013004201700000000000630000000 02N3103201720000000000000000000002200000000000000000000000000000000000000000000000000000000000000000000000000000003000000090000000000 
0010001300017Q 012021945666000192LENICE NOGUEIRA MAGALHAES BATISTA 105348AV ENGENHEIRO THOMAZ MAGALHAES          SITIO DA FIGUEI03211020SAO PAULO      SP                                                        000                    00000000
0010001300018R 010000000000000000000000000000000000000000000000001300420170000000000001260000000000000000000000000000000000000000000000000000000000000000000000000000000000000000000000000000000000000000000000000000000000000000000000         
0010001300019P 010296290000000178772 28509430402340000   7  220000000000000013103201700000000000630000000 02N3103201730000000000000000000000000000000000000000000000000000000000000000000000000000000000000000000000000000003000000090000000000 
0010001300020Q 012011862636000169DANIEL DA SILVA SANTANA ME              RUA 09                                  LOTEAMENTO PAUL48925000SOBRADINHO     BA                                                        000                    00000000
0010001300021R 010000000000000000000000000000000000000000000000000000000000000000000000000000000000000000000000000000000000000000000000000000000000000000000000000000000000000000000000000000000000000000000000000000000000000000000000         
00100015         000023                                                                                                                                                                                                                         
00199999         000001000025                                                                                                                                                                                                                   
