00100000         296533310000140002850943001417019  0296290000000178772 CONTADOR AMIGO LTDA. - ME     BANCO DO BRASIL S.A                     103042017120436000000000                                                                          
00100011R01  000 2096533310000140002850943001417019  0296290000000178772 CONTADOR AMIGO LTDA. - ME                                                                                     0000000003042017                                         
0010001300001P 010296290000000178772 28509431347950000   7  220000000000000011605201700000000003540000000 02N0304201720000000000000000000002200000000000000000000000000000000000000000000000000000000000000000000000000000003000000090000000000 
0010001300002Q 012018785406000192WM REMOCOES LTDA - ME                   RUA JOSE ALEXANDRINO DE MORAES, 95      JD PATRICIA    08584090ITAQUAQUECETUBASP                                                        000                    00000000
0010001300003R 010000000000000000000000000000000000000000000000001160520170000000000007080000000000000000000000000000000000000000000000000000000000000000000000000000000000000000000000000000000000000000000000000000000000000000000000         
0010001300004P 010296290000000178772 28509430379250000   7  220000000000000011805201700000000001890000000 02N0304201720000000000000000000002200000000000000000000000000000000000000000000000000000000000000000000000000000003000000090000000000 
0010001300005Q 012026666220000142QTT BRASIL ENGENHARIA E CONSULTORIA EIREAV. EMB. ABELARDO BUENO 3400-BL1-APT902 BARRA DA TIJUCA22775040RIO DE JANEIRO RJ                                                        000                    00000000
0010001300006R 010000000000000000000000000000000000000000000000001180520170000000000003780000000000000000000000000000000000000000000000000000000000000000000000000000000000000000000000000000000000000000000000000000000000000000000000         
0010001300007P 010296290000000178772 28509430385100000   7  220000000000000011705201700000000001890000000 02N0304201720000000000000000000002200000000000000000000000000000000000000000000000000000000000000000000000000000003000000090000000000 
0010001300008Q 012011108563000114DMAGALHAES PRESTACAO DE SERVICOS LTDA   RUA PIRAJUI, 77                         SAO CAETANO    32073650CONTAGEM       MG                                                        000                    00000000
0010001300009R 010000000000000000000000000000000000000000000000001170520170000000000003780000000000000000000000000000000000000000000000000000000000000000000000000000000000000000000000000000000000000000000000000000000000000000000000         
0010001300010P 010296290000000178772 28509430393560000   7  220000000000000011805201700000000001890000000 02N0304201720000000000000000000002200000000000000000000000000000000000000000000000000000000000000000000000000000003000000090000000000 
0010001300011Q 012017431985000102EQUIPE DOIS PRA CA CULTURA, AR          AV. DEPUTADO EMILIO CARLOS, 631, APTO 18LIMAO          02721000SAO PAULO      SP                                                        000                    00000000
0010001300012R 010000000000000000000000000000000000000000000000001180520170000000000003780000000000000000000000000000000000000000000000000000000000000000000000000000000000000000000000000000000000000000000000000000000000000000000000         
0010001300013P 010296290000000178772 28509430395150000   7  220000000000000010804201700000000000630000000 02N0304201720000000000000000000002200000000000000000000000000000000000000000000000000000000000000000000000000000003000000090000000000 
0010001300014Q 012003405986000178HSN INFORMATICA LTD                     SCLN 313 BLOCO A                        ASA NORTE      70766510BRASILIA       DF                                                        000                    00000000
0010001300015R 010000000000000000000000000000000000000000000000001080420170000000000001260000000000000000000000000000000000000000000000000000000000000000000000000000000000000000000000000000000000000000000000000000000000000000000000         
0010001300016P 010296290000000178772 28509430397310000   7  220000000000000011904201700000000000630000000 02N0304201720000000000000000000002200000000000000000000000000000000000000000000000000000000000000000000000000000003000000090000000000 
0010001300017Q 012024900394000100JULIA DE ABREU PINHEIRO ASSESSORIA - ME RUA PROFESSOR DIRCEU PORTELA AZEREDO, 17CENTRO         33400000LAGOA SANTA    MG                                                        000                    00000000
0010001300018R 010000000000000000000000000000000000000000000000001190420170000000000001260000000000000000000000000000000000000000000000000000000000000000000000000000000000000000000000000000000000000000000000000000000000000000000000         
0010001300019P 010296290000000178772 28509430400150000   7  220000000000000012004201700000000000630000000 02N0304201720000000000000000000002200000000000000000000000000000000000000000000000000000000000000000000000000000003000000090000000000 
0010001300020Q 012019236385000119CAROLINA DE L A SLEMER                  RUA OSCAR FREIRE                        PINHEIROS      05409010SAO PAULO      SP                                                        000                    00000000
0010001300021R 010000000000000000000000000000000000000000000000001200420170000000000001260000000000000000000000000000000000000000000000000000000000000000000000000000000000000000000000000000000000000000000000000000000000000000000000         
0010001300022P 010296290000000178772 28509430402460000   7  220000000000000013004201700000000000630000000 02N0304201720000000000000000000002200000000000000000000000000000000000000000000000000000000000000000000000000000003000000090000000000 
0010001300023Q 012011862636000169DANIEL DA SILVA SANTANA ME              RUA 09                                  LOTEAMENTO PAUL48925000SOBRADINHO     BA                                                        000                    00000000
0010001300024R 010000000000000000000000000000000000000000000000001300420170000000000001260000000000000000000000000000000000000000000000000000000000000000000000000000000000000000000000000000000000000000000000000000000000000000000000         
0010001300025P 010296290000000178772 28509430403030000   7  220000000000000012804201700000000000630000000 02N0304201720000000000000000000002200000000000000000000000000000000000000000000000000000000000000000000000000000003000000090000000000 
0010001300026Q 012015918133000119LR SAUDE OCUPACIONAL LTDA               RUA CLAUDIO DE ALBUQUERQUE LIMA, 533    SAO LUIZ       57301220ARAPIRACA      AL                                                        000                    00000000
0010001300027R 010000000000000000000000000000000000000000000000001280420170000000000001260000000000000000000000000000000000000000000000000000000000000000000000000000000000000000000000000000000000000000000000000000000000000000000000         
0010001300028P 010296290000000178772 28509430403060000   7  220000000000000012604201700000000000630000000 02N0304201720000000000000000000002200000000000000000000000000000000000000000000000000000000000000000000000000000003000000090000000000 
0010001300029Q 012013634454000166EVARLEY WAGNER DA FONSECA               RUA ADOLFO LUTZ, 168                    PONTA DA PRAIA 11035060SANTOS         SP                                                        000                    00000000
0010001300030R 010000000000000000000000000000000000000000000000001260420170000000000001260000000000000000000000000000000000000000000000000000000000000000000000000000000000000000000000000000000000000000000000000000000000000000000000         
0010001300031P 010296290000000178772 28509430403200000   7  220000000000000010205201700000000000630000000 02N0304201720000000000000000000002200000000000000000000000000000000000000000000000000000000000000000000000000000003000000090000000000 
0010001300032Q 012015323220000123H. AIUB CORRETORA DE SEGUROS LTDA       RUA DOM LARA 864                        VILA VALENCA   11390140SAO VICENTE    SP                                                        000                    00000000
0010001300033R 010000000000000000000000000000000000000000000000001020520170000000000001260000000000000000000000000000000000000000000000000000000000000000000000000000000000000000000000000000000000000000000000000000000000000000000000         
0010001300034P 010296290000000178772 28509430389180000   7  220000000000000010304201700000000001925400000 02N0304201720000000000000000000002200000000000000000000000000000000000000000000000000000000000000000000000000000003000000090000000000 
0010001300035Q 011000000997731982GILLIARD DAMACENO                       RUA ARMINDO GUILHERME DAMMER,130        SANTO ANTONIO  89610000               SC                                                        000                    00000000
0010001300036R 010000000000000000000000000000000000000000000000000000000000000000000000000000000000000000000000000000000000000000000000000000000000000000000000000000000000000000000000000000000000000000000000000000000000000000000000         
0010001300037P 010296290000000178772 28509431389180000   7  220000000000000010304201700000000000641800000 02N0304201720000000000000000000002200000000000000000000000000000000000000000000000000000000000000000000000000000003000000090000000000 
0010001300038Q 011000000997731982GILLIARD DAMACENO                       RUA ARMINDO GUILHERME DAMMER,130        SANTO ANTONIO  89610000               SC                                                        000                    00000000
0010001300039R 010000000000000000000000000000000000000000000000000000000000000000000000000000000000000000000000000000000000000000000000000000000000000000000000000000000000000000000000000000000000000000000000000000000000000000000000         
0010001300040P 010296290000000178772 28509430379960000   7  220000000000000010304201700000000000701200000 02N0304201720000000000000000000002200000000000000000000000000000000000000000000000000000000000000000000000000000003000000090000000000 
0010001300041Q 012016927132000101LASB OFTALMO SERVICOS MEDICOS LTDA.     RUA IRENE RAMOS GOMES DE MATTOS,97      PINA           51011530RECIFE         PE                                                        000                    00000000
0010001300042R 010000000000000000000000000000000000000000000000000000000000000000000000000000000000000000000000000000000000000000000000000000000000000000000000000000000000000000000000000000000000000000000000000000000000000000000000         
0010001300043P 010296290000000178772 28509431354170000   7  220000000000000010304201700000000000826600000 02N0304201720000000000000000000002200000000000000000000000000000000000000000000000000000000000000000000000000000003000000090000000000 
0010001300044Q 012016927132000101LASB OFTALMO SERVICOS MEDICOS LTDA.     RUA IRENE RAMOS GOMES DE MATTOS,97      PINA           51011530RECIFE         PE                                                        000                    00000000
0010001300045R 010000000000000000000000000000000000000000000000000000000000000000000000000000000000000000000000000000000000000000000000000000000000000000000000000000000000000000000000000000000000000000000000000000000000000000000000         
00100015         000047                                                                                                                                                                                                                         
00199999         000001000049                                                                                                                                                                                                                   
