00100000         296533310000140002850943001417019  0296290000000178772 CONTADOR AMIGO LTDA. - ME     BANCO DO BRASIL S.A                     103042017180420000000000                                                                          
00100011R01  000 2096533310000140002850943001417019  0296290000000178772 CONTADOR AMIGO LTDA. - ME                                                                                     0000000003042017                                         
0010001300001P 010296290000000178772 28509431365720000   7  220000000000000010704201700000000000630000000 02N0304201720000000000000000000002200000000000000000000000000000000000000000000000000000000000000000000000000000003000000090000000000 
0010001300002Q 012022373283000150RONALDO OSCAR LEMOS DE OLIVEIRA ME      AV IMPERATRIZ LEOPOLDINA 550 TORRE 4 APTVILA NOVA      13073035CAMPINAS       SP                                                        000                    00000000
0010001300003R 010000000000000000000000000000000000000000000000001070420170000000000001260000000000000000000000000000000000000000000000000000000000000000000000000000000000000000000000000000000000000000000000000000000000000000000000         
0010001300004P 010296290000000178772 28509431395780000   7  220000000000000011904201700000000005880000000 02N0304201720000000000000000000002200000000000000000000000000000000000000000000000000000000000000000000000000000003000000090000000000 
0010001300005Q 012025044408000196GOES CURSOS PREPARATORIOS PARA CONCURSOSRUA CLAUDINO DOS SANTOS, 255, CAIXA POSTAFOGADOS       50750030RECIFE         PE                                                        000                    00000000
0010001300006R 010000000000000000000000000000000000000000000000001190420170000000000011760000000000000000000000000000000000000000000000000000000000000000000000000000000000000000000000000000000000000000000000000000000000000000000000         
0010001300007P 010296290000000178772 28509430382440000   7  220000000000000010304201700000000000703400000 02N0304201720000000000000000000002200000000000000000000000000000000000000000000000000000000000000000000000000000003000000090000000000 
0010001300008Q 012000472236000120PAULO IVO SILVA                         RUA FREI MELCHIOR 117 AP1               JARDIM SAO PAUL02041060SAO PAULO      SP                                                        000                    00000000
0010001300009R 010000000000000000000000000000000000000000000000000000000000000000000000000000000000000000000000000000000000000000000000000000000000000000000000000000000000000000000000000000000000000000000000000000000000000000000000         
0010001300010P 010296290000000178772 28509430403600000   7  220000000000000010304201700000000000630000000 02N0304201730000000000000000000000000000000000000000000000000000000000000000000000000000000000000000000000000000003000000090000000000 
0010001300011Q 012018188838000116DANIEL TEODORO                          AV. PARADA PINTO, 729                   VL. NOVA CACHOE02611003SAO PAULO      SP                                                        000                    00000000
0010001300012R 010000000000000000000000000000000000000000000000000000000000000000000000000000000000000000000000000000000000000000000000000000000000000000000000000000000000000000000000000000000000000000000000000000000000000000000000         
00100015         000014                                                                                                                                                                                                                         
00199999         000001000016                                                                                                                                                                                                                   
