00100000         296533310000140002850943001417019  0296290000000178772 CONTADOR AMIGO LTDA. - ME     BANCO DO BRASIL S.A                     103042017190430000000000                                                                          
00100011R01  000 2096533310000140002850943001417019  0296290000000178772 CONTADOR AMIGO LTDA. - ME                                                                                     0000000003042017                                         
0010001300001P 010296290000000178772 28509430401160000   7  220000000000000012804201700000000005880000000 02N0304201730000000000000000000000000000000000000000000000000000000000000000000000000000000000000000000000000000003000000090000000000 
0010001300002Q 012020122674000176JOSE CARLOS DE CAMARGO SOCIEDADE DE ADVORUA WASHINGTON LUIS, 253                CENTRO         13460000NOVA ODESSA    SP                                                        000                    00000000
0010001300003R 010000000000000000000000000000000000000000000000000000000000000000000000000000000000000000000000000000000000000000000000000000000000000000000000000000000000000000000000000000000000000000000000000000000000000000000000         
0010001300004P 010296290000000178772 28509431401160000   7  220000000000000012804201700000000000630000000 02N0304201730000000000000000000000000000000000000000000000000000000000000000000000000000000000000000000000000000003000000090000000000 
0010001300005Q 012020122674000176JOSE CARLOS DE CAMARGO SOCIEDADE DE ADVORUA WASHINGTON LUIS, 253                CENTRO         13460000NOVA ODESSA    SP                                                        000                    00000000
0010001300006R 010000000000000000000000000000000000000000000000000000000000000000000000000000000000000000000000000000000000000000000000000000000000000000000000000000000000000000000000000000000000000000000000000000000000000000000000         
00100015         000008                                                                                                                                                                                                                         
00199999         000001000010                                                                                                                                                                                                                   
