00100000         296533310000140002850943001417019  0296290000000178772 CONTADOR AMIGO LTDA. - ME     BANCO DO BRASIL S.A                     104042017160430000000000                                                                          
00100011R01  000 2096533310000140002850943001417019  0296290000000178772 CONTADOR AMIGO LTDA. - ME                                                                                     0000000004042017                                         
0010001300001P 010296290000000178772 28509430403070000   7  220000000000000012604201700000000000630000000 02N0404201720000000000000000000002200000000000000000000000000000000000000000000000000000000000000000000000000000003000000090000000000 
0010001300002Q 012005020528000146SOL CONSULTORIA E SERVICOS MEDICOS LTDA AV. GOV. CARLOS DE LIMA CAVALCANTI, 3995CASA CAIADA    53030260OLINDA         PE                                                        000                    00000000
0010001300003R 010000000000000000000000000000000000000000000000001260420170000000000001260000000000000000000000000000000000000000000000000000000000000000000000000000000000000000000000000000000000000000000000000000000000000000000000         
0010001300004P 010296290000000178772 28509430404050000   7  220000000000000010404201700000000000630000000 02N0404201730000000000000000000000000000000000000000000000000000000000000000000000000000000000000000000000000000003000000090000000000 
0010001300005Q 012023035743000100RIMA FISIOTERAPIA E SERVICOS EIRELI EPP RUA ROCHA POMBO , 245 C 12              JD PILAR       09185750SANTO ANDRE    SP                                                        000                    00000000
0010001300006R 010000000000000000000000000000000000000000000000000000000000000000000000000000000000000000000000000000000000000000000000000000000000000000000000000000000000000000000000000000000000000000000000000000000000000000000000         
0010001300007P 010296290000000178772 28509430404080000   7  220000000000000010404201700000000000630000000 02N0404201730000000000000000000000000000000000000000000000000000000000000000000000000000000000000000000000000000003000000090000000000 
0010001300008Q 012011062595000126D DA S ALVES                            RUA DOM JOSE VAZQUEZ                    CENTRO         64900000BOM JESUS      PI                                                        000                    00000000
0010001300009R 010000000000000000000000000000000000000000000000000000000000000000000000000000000000000000000000000000000000000000000000000000000000000000000000000000000000000000000000000000000000000000000000000000000000000000000000         
0010001300010P 010296290000000178772 28509439014950000   7  220000000000000010404201700000000000699800000 02N0404201730000000000000000000002200000000000000000000000000000000000000000000000000000000000000000000000000000003000000090000000000 
0010001300011Q 012021978180000150MARGARETE PAROLA ME                     RUA JOSE GONCALVES GOMIDE, 780          VILA GUILHERME 02075001SAO PAULO      SP                                                        000                    00000000
0010001300012R 010000000000000000000000000000000000000000000000000000000000000000000000000000000000000000000000000000000000000000000000000000000000000000000000000000000000000000000000000000000000000000000000000000000000000000000000         
0010001300013P 010296290000000178772 28509430404150000   7  220000000000000010306201700000000000630000000 02N0404201730000000000000000000002200000000000000000000000000000000000000000000000000000000000000000000000000000003000000090000000000 
0010001300014Q 011000004516393832JOACIR ARAUJO MACHADO JUNIOR            RUA CORREIA DE LEMOS 212, AP. 53        CHACARA INGLESA04140000SAO PAULO      SP                                                        000                    00000000
0010001300015R 010000000000000000000000000000000000000000000000001030620170000000000001260000000000000000000000000000000000000000000000000000000000000000000000000000000000000000000000000000000000000000000000000000000000000000000000         
0010001300016P 010296290000000178772 28509430404200000   7  220000000000000010404201700000000005880000000 02N0404201730000000000000000000000000000000000000000000000000000000000000000000000000000000000000000000000000000003000000090000000000 
0010001300017Q 011000041361725672MAURO JOSE LEMES                        RUA SANTA TEREZINHA 16                  CATANDUVAS     37006230VARGINHA       MG                                                        000                    00000000
0010001300018R 010000000000000000000000000000000000000000000000000000000000000000000000000000000000000000000000000000000000000000000000000000000000000000000000000000000000000000000000000000000000000000000000000000000000000000000000         
0010001300019P 010296290000000178772 28509431404200000   7  220000000000000010404201700000000000630000000 02N0404201730000000000000000000000000000000000000000000000000000000000000000000000000000000000000000000000000000003000000090000000000 
0010001300020Q 011000041361725672MAURO JOSE LEMES                        RUA SANTA TEREZINHA 16                  CATANDUVAS     37006230VARGINHA       MG                                                        000                    00000000
0010001300021R 010000000000000000000000000000000000000000000000000000000000000000000000000000000000000000000000000000000000000000000000000000000000000000000000000000000000000000000000000000000000000000000000000000000000000000000000         
00100015         000023                                                                                                                                                                                                                         
00199999         000001000025                                                                                                                                                                                                                   
