00100000         296533310000140002850943001417019  0296290000000178772 CONTADOR AMIGO LTDA. - ME     BANCO DO BRASIL S.A                     105042017090426000000000                                                                          
00100011R01  000 2096533310000140002850943001417019  0296290000000178772 CONTADOR AMIGO LTDA. - ME                                                                                     0000000005042017                                         
0010001300001P 010296290000000178772 28509430200100000   7  220000000000000012005201700000000005880000000 02N0504201720000000000000000000002200000000000000000000000000000000000000000000000000000000000000000000000000000003000000090000000000 
0010001300002Q 012023760014000109REC PRODUCOES LTDA ME                   RUA LAURA TELES, 270 / 602.             PECHINCHA      22730305RIO DE JANEIRO RJ                                                        000                    00000000
0010001300003R 010000000000000000000000000000000000000000000000001200520170000000000011760000000000000000000000000000000000000000000000000000000000000000000000000000000000000000000000000000000000000000000000000000000000000000000000         
0010001300004P 010296290000000178772 28509433347950000   7  220000000000000011605201700000000003540000000 02N0504201720000000000000000000002200000000000000000000000000000000000000000000000000000000000000000000000000000003000000090000000000 
0010001300005Q 012018785406000192WM REMOCOES LTDA - ME                   RUA JOSE ALEXANDRINO DE MORAES, 95      JD PATRICIA    08584090ITAQUAQUECETUBASP                                                        000                    00000000
0010001300006R 010000000000000000000000000000000000000000000000001160520170000000000007080000000000000000000000000000000000000000000000000000000000000000000000000000000000000000000000000000000000000000000000000000000000000000000000         
0010001300007P 010296290000000178772 28509431376680000   7  220000000000000010105201700000000005880000000 02N0504201720000000000000000000002200000000000000000000000000000000000000000000000000000000000000000000000000000003000000090000000000 
0010001300008Q 012018655924000191ELIEL GUIMARAES VIEIRA DE SOUZA - ME    AV. INTERLAGOS, 1585 - BL. ALPHA 2 AP. 2JARDIM UMUARAMA04661100SAO PAULO      SP                                                        000                    00000000
0010001300009R 010000000000000000000000000000000000000000000000001010520170000000000011760000000000000000000000000000000000000000000000000000000000000000000000000000000000000000000000000000000000000000000000000000000000000000000000         
0010001300010P 010296290000000178772 28509430404160000   7  220000000000000010305201700000000000630000000 02N0504201720000000000000000000002200000000000000000000000000000000000000000000000000000000000000000000000000000003000000090000000000 
0010001300011Q 012004904390000185ASSOCIACAO PROJETO BRASILEIRO DE DANCA  RUA SANTA CLARA, 378                    JARDIM SANTA RI09941270IBIRA          SP                                                        000                    00000000
0010001300012R 010000000000000000000000000000000000000000000000001030520170000000000001260000000000000000000000000000000000000000000000000000000000000000000000000000000000000000000000000000000000000000000000000000000000000000000000         
0010001300013P 010296290000000178772 28509430404480000   7  220000000000000010305201700000000000630000000 02N0504201720000000000000000000002200000000000000000000000000000000000000000000000000000000000000000000000000000003000000090000000000 
0010001300014Q 012004693505000130RS TRANSFER VIAGENS LTDA - ME           AVENIDA SAO JOAO, 323                   VILA ADYANNA   12242840SAO JOSE DOS CASP                                                        000                    00000000
0010001300015R 010000000000000000000000000000000000000000000000001030520170000000000001260000000000000000000000000000000000000000000000000000000000000000000000000000000000000000000000000000000000000000000000000000000000000000000000         
0010001300016P 010296290000000178772 28509430404490000   7  220000000000000010605201700000000000630000000 02N0504201720000000000000000000002200000000000000000000000000000000000000000000000000000000000000000000000000000003000000090000000000 
0010001300017Q 012021513652000108HSM SERVICOS EMPRESARIAIS LTDA. - ME    AV. HUMBERTO DE ALENCAR CASTELO BRANCO, ASSUNCAO       09850305SAO BERNARDO DOSP                                                        000                    00000000
0010001300018R 010000000000000000000000000000000000000000000000001060520170000000000001260000000000000000000000000000000000000000000000000000000000000000000000000000000000000000000000000000000000000000000000000000000000000000000000         
0010001300019P 010296290000000178772 28509430404500000   7  220000000000000010305201700000000000630000000 02N0504201720000000000000000000002200000000000000000000000000000000000000000000000000000000000000000000000000000003000000090000000000 
0010001300020Q 012022623796000171RENATA CELIA SILVEIRA SERRA-ME          RUA EWERTON VISCO, 324, SALA 504        CAMINHO DAS ARV41820022SALVADOR       BA                                                        000                    00000000
0010001300021R 010000000000000000000000000000000000000000000000001030520170000000000001260000000000000000000000000000000000000000000000000000000000000000000000000000000000000000000000000000000000000000000000000000000000000000000000         
0010001300022P 010296290000000178772 28509430404510000   7  220000000000000010205201700000000000630000000 02N0504201720000000000000000000002200000000000000000000000000000000000000000000000000000000000000000000000000000003000000090000000000 
0010001300023Q 012005894612000199NOVACOMMERCE INTERNET SOFTWARE          RUA OLAVO BILAC 10-05                   JARDIM BELA VIS17060454BAURU          SP                                                        000                    00000000
0010001300024R 010000000000000000000000000000000000000000000000001020520170000000000001260000000000000000000000000000000000000000000000000000000000000000000000000000000000000000000000000000000000000000000000000000000000000000000000         
0010001300025P 010296290000000178772 28509430404520000   7  220000000000000010705201700000000000630000000 02N0504201720000000000000000000002200000000000000000000000000000000000000000000000000000000000000000000000000000003000000090000000000 
0010001300026Q 012022584877000100AUDATEC TECNICAS ESTATISTICAS AUTOMOTIVAAV. CASA VERDE, 2901 - AP. 38           CASA VERDE     02519200SAO PAULO      SP                                                        000                    00000000
0010001300027R 010000000000000000000000000000000000000000000000001070520170000000000001260000000000000000000000000000000000000000000000000000000000000000000000000000000000000000000000000000000000000000000000000000000000000000000000         
0010001300028P 010296290000000178772 28509430404530000   7  220000000000000010405201700000000000630000000 02N0504201720000000000000000000002200000000000000000000000000000000000000000000000000000000000000000000000000000003000000090000000000 
0010001300029Q 011000032463759844VICTOR HUGO CALEFI GIGLIO               RUA RENATO DOS SANTOS 100               PQ REAL II     13803846MOGI-MIRIM     SP                                                        000                    00000000
0010001300030R 010000000000000000000000000000000000000000000000001040520170000000000001260000000000000000000000000000000000000000000000000000000000000000000000000000000000000000000000000000000000000000000000000000000000000000000000         
0010001300031P 010296290000000178772 28509430404540000   7  220000000000000010405201700000000000630000000 02N0504201720000000000000000000002200000000000000000000000000000000000000000000000000000000000000000000000000000003000000090000000000 
0010001300032Q 011000028625598811ALEXANDRE DE AGUIAR TOFALO              RUA JUPIA, 42                           SANTANA        02460020SAO PAULO      SP                                                        000                    00000000
0010001300033R 010000000000000000000000000000000000000000000000001040520170000000000001260000000000000000000000000000000000000000000000000000000000000000000000000000000000000000000000000000000000000000000000000000000000000000000000         
0010001300034P 010296290000000178772 28509430404610000   7  220000000000000010504201700000000000630000000 02N0504201720000000000000000000002200000000000000000000000000000000000000000000000000000000000000000000000000000003000000090000000000 
0010001300035Q 012026827219000152CODE4FUTURE TECNOLOGIA E CONSULTORIA LTDAV. MATO GROSSO,667 CXPST 0072          ESTADOS        58030080JOAO PESSOA    PB                                                        000                    00000000
0010001300036R 010000000000000000000000000000000000000000000000001050420170000000000001260000000000000000000000000000000000000000000000000000000000000000000000000000000000000000000000000000000000000000000000000000000000000000000000         
0010001300037P 010296290000000178772 28509430404620000   7  220000000000000010505201700000000000630000000 02N0504201720000000000000000000002200000000000000000000000000000000000000000000000000000000000000000000000000000003000000090000000000 
0010001300038Q 012026827219000152CODE4FUTURE TECNOLOGIA E CONSULTORIA LTDAV. MATO GROSSO,667 CXPST 0072          ESTADOS        58030080JOAO PESSOA    PB                                                        000                    00000000
0010001300039R 010000000000000000000000000000000000000000000000001050520170000000000001260000000000000000000000000000000000000000000000000000000000000000000000000000000000000000000000000000000000000000000000000000000000000000000000         
00100015         000041                                                                                                                                                                                                                         
00199999         000001000043                                                                                                                                                                                                                   
