00100000         296533310000140002850943001417019  0296290000000178772 CONTADOR AMIGO LTDA. - ME     BANCO DO BRASIL S.A                     105042017130402000000000                                                                          
00100011R01  000 2096533310000140002850943001417019  0296290000000178772 CONTADOR AMIGO LTDA. - ME                                                                                     0000000005042017                                         
0010001300001P 010296290000000178772 28509431404050000   7  220000000000000010504201700000000001890000000 02N0504201730000000000000000000000000000000000000000000000000000000000000000000000000000000000000000000000000000003000000090000000000 
0010001300002Q 012023035743000100RIMA FISIOTERAPIA E SERVICOS EIRELI EPP RUA ROCHA POMBO , 245 C 12              JD PILAR       09185750SANTO ANDRE    SP                                                        000                    00000000
0010001300003R 010000000000000000000000000000000000000000000000000000000000000000000000000000000000000000000000000000000000000000000000000000000000000000000000000000000000000000000000000000000000000000000000000000000000000000000000         
0010001300004P 010296290000000178772 28509439015130000   7  220000000000000010704201700000000000630000000 02N0504201730000000000000000000000000000000000000000000000000000000000000000000000000000000000000000000000000000003000000090000000000 
0010001300005Q 012023035743000100RIMA FISIOTERAPIA E SERVICOS EIRELI EPP RUA ROCHA POMBO , 245 C 12              JD PILAR       09185750SANTO ANDRE    SP                                                        000                    00000000
0010001300006R 010000000000000000000000000000000000000000000000000000000000000000000000000000000000000000000000000000000000000000000000000000000000000000000000000000000000000000000000000000000000000000000000000000000000000000000000         
0010001300007P 010296290000000178772 28509430404710000   7  220000000000000010504201700000000000630000000 02N0504201730000000000000000000002200000000000000000000000000000000000000000000000000000000000000000000000000000003000000090000000000 
0010001300008Q 012022691853000150WINNER REABILITACAO DESPORTIVA EIRELI - R HARRY FEEKEN, 697 SALA 01             BONECA DO IGUAC83040000SAO JOSE DOS PIPR                                                        000                    00000000
0010001300009R 010000000000000000000000000000000000000000000000001050420170000000000001260000000000000000000000000000000000000000000000000000000000000000000000000000000000000000000000000000000000000000000000000000000000000000000000         
00100015         000011                                                                                                                                                                                                                         
00199999         000001000013                                                                                                                                                                                                                   
