00100000         296533310000140002850943001417019  0296290000000178772 CONTADOR AMIGO LTDA. - ME     BANCO DO BRASIL S.A                     106042017100408000000000                                                                          
00100011R01  000 2096533310000140002850943001417019  0296290000000178772 CONTADOR AMIGO LTDA. - ME                                                                                     0000000006042017                                         
0010001300001P 010296290000000178772 28509434347950000   7  220000000000000011605201700000000003540000000 02N0604201720000000000000000000002200000000000000000000000000000000000000000000000000000000000000000000000000000003000000090000000000 
0010001300002Q 012018785406000192WM REMOCOES LTDA - ME                   RUA JOSE ALEXANDRINO DE MORAES, 95      JD PATRICIA    08584090ITAQUAQUECETUBASP                                                        000                    00000000
0010001300003R 010000000000000000000000000000000000000000000000001160520170000000000007080000000000000000000000000000000000000000000000000000000000000000000000000000000000000000000000000000000000000000000000000000000000000000000000         
0010001300004P 010296290000000178772 28509430405110000   7  220000000000000010405201700000000000630000000 02N0604201720000000000000000000002200000000000000000000000000000000000000000000000000000000000000000000000000000003000000090000000000 
0010001300005Q 012018191267000179PAULO L MORAES ELETRONICOS - M          RUA MEXICO, 320 S 01                    JARDIM AMERICA 06756360TABOAO DA SERRASP                                                        000                    00000000
0010001300006R 010000000000000000000000000000000000000000000000001040520170000000000001260000000000000000000000000000000000000000000000000000000000000000000000000000000000000000000000000000000000000000000000000000000000000000000000         
0010001300007P 010296290000000178772 28509430404600000   7  220000000000000010105201700000000000630000000 02N0604201720000000000000000000002200000000000000000000000000000000000000000000000000000000000000000000000000000003000000090000000000 
0010001300008Q 012009541817000141EDILSON ALMEIDA RIBEIRO ME              RUA: MATIAS MARANHAO 50                 ITAIM PAULISTA 08121330SAO PAULO      SP                                                        000                    00000000
0010001300009R 010000000000000000000000000000000000000000000000001010520170000000000001260000000000000000000000000000000000000000000000000000000000000000000000000000000000000000000000000000000000000000000000000000000000000000000000         
0010001300010P 010296290000000178772 28509430405020000   7  220000000000000010205201700000000000630000000 02N0604201720000000000000000000002200000000000000000000000000000000000000000000000000000000000000000000000000000003000000090000000000 
0010001300011Q 012021023859000196ASX DE MENEZES SERVICOS ADMINISTRATIVOS RUA SIMONE MARTINI, 285                 JD. SANTA MARIA03573170SAO PAULO      SP                                                        000                    00000000
0010001300012R 010000000000000000000000000000000000000000000000001020520170000000000001260000000000000000000000000000000000000000000000000000000000000000000000000000000000000000000000000000000000000000000000000000000000000000000000         
0010001300013P 010296290000000178772 28509430405030000   7  220000000000000010505201700000000000630000000 02N0604201720000000000000000000002200000000000000000000000000000000000000000000000000000000000000000000000000000003000000090000000000 
0010001300014Q 012017821734000134SOLFOTOSTUDIO FOTOGRAFIA E FILMAGEM DIGIESTRADA MIRANDELA, 70 SALA 201          CENTRO         26520332NILOPOLIS      RJ                                                        000                    00000000
0010001300015R 010000000000000000000000000000000000000000000000001050520170000000000001260000000000000000000000000000000000000000000000000000000000000000000000000000000000000000000000000000000000000000000000000000000000000000000000         
0010001300016P 010296290000000178772 28509430405040000   7  220000000000000010605201700000000000630000000 02N0604201720000000000000000000002200000000000000000000000000000000000000000000000000000000000000000000000000000003000000090000000000 
0010001300017Q 012017330977000170FERNANDO AZEVEDO DE SOUZA NUNES - ME    AV HENRIQUE MOSCOSO                     CENTRO         29100021VILA VELHA     ES                                                        000                    00000000
0010001300018R 010000000000000000000000000000000000000000000000001060520170000000000001260000000000000000000000000000000000000000000000000000000000000000000000000000000000000000000000000000000000000000000000000000000000000000000000         
0010001300019P 010296290000000178772 28509430405050000   7  220000000000000010605201700000000000630000000 02N0604201720000000000000000000002200000000000000000000000000000000000000000000000000000000000000000000000000000003000000090000000000 
0010001300020Q 012022210830000186BOHLHALTER SUPORTE TECNICO EM INFORMATICAVENIDA PRESIDENTE KENNEY, 3700 AP 244 BSANTA PAULA    09572200SAO CAETANO DO SP                                                        000                    00000000
0010001300021R 010000000000000000000000000000000000000000000000001060520170000000000001260000000000000000000000000000000000000000000000000000000000000000000000000000000000000000000000000000000000000000000000000000000000000000000000         
0010001300022P 010296290000000178772 28509430405060000   7  220000000000000010505201700000000000630000000 02N0604201720000000000000000000002200000000000000000000000000000000000000000000000000000000000000000000000000000003000000090000000000 
0010001300023Q 012011717294000193PHOTO ART BRASIL EDITORA LTDA ME        RUA LUCIDIO LAGO 96 SALA 202            MEIER          20780020RIO DE JANEIRO RJ                                                        000                    00000000
0010001300024R 010000000000000000000000000000000000000000000000001050520170000000000001260000000000000000000000000000000000000000000000000000000000000000000000000000000000000000000000000000000000000000000000000000000000000000000000         
0010001300025P 010296290000000178772 28509430405070000   7  220000000000000010505201700000000000630000000 02N0604201720000000000000000000002200000000000000000000000000000000000000000000000000000000000000000000000000000003000000090000000000 
0010001300026Q 012007431477000170MR PAULINO NEGOCIOS E SERVICOS DE EDITORR LAGOA DAS GARCAS 200 - 1706 - PARTE   BARRA DA TIJUCA22793400RIO DE JANEIRO RJ                                                        000                    00000000
0010001300027R 010000000000000000000000000000000000000000000000001050520170000000000001260000000000000000000000000000000000000000000000000000000000000000000000000000000000000000000000000000000000000000000000000000000000000000000000         
0010001300028P 010296290000000178772 28509430405080000   7  220000000000000010505201700000000000630000000 02N0604201720000000000000000000002200000000000000000000000000000000000000000000000000000000000000000000000000000003000000090000000000 
0010001300029Q 012015155570000128ROUSSELET NEGOCIOS E GESTAO EMPRESARIAL RUA LAGOA DAS GARCAS, 200 - 1706        BARRA DA TIJUCA22793400RIO DE JANEIRO RJ                                                        000                    00000000
0010001300030R 010000000000000000000000000000000000000000000000001050520170000000000001260000000000000000000000000000000000000000000000000000000000000000000000000000000000000000000000000000000000000000000000000000000000000000000000         
0010001300031P 010296290000000178772 28509430405090000   7  220000000000000010505201700000000000630000000 02N0604201720000000000000000000002200000000000000000000000000000000000000000000000000000000000000000000000000000003000000090000000000 
0010001300032Q 012019881509000119AGEB LOCACOES LTDA                      RUA CONGONHAS DO CAMPO, 225             ESPERANCA      35701039SETE LAGOAS    MG                                                        000                    00000000
0010001300033R 010000000000000000000000000000000000000000000000001050520170000000000001260000000000000000000000000000000000000000000000000000000000000000000000000000000000000000000000000000000000000000000000000000000000000000000000         
0010001300034P 010296290000000178772 28509430405100000   7  220000000000000010505201700000000000630000000 02N0604201720000000000000000000002200000000000000000000000000000000000000000000000000000000000000000000000000000003000000090000000000 
0010001300035Q 012022233032000170ASSEVIP CORRETORA DE SEGUROS LTDA ME    RUA OURO FINO, 283 AP.403               IRAJA          21371230RIO DE JANEIRO RJ                                                        000                    00000000
0010001300036R 010000000000000000000000000000000000000000000000001050520170000000000001260000000000000000000000000000000000000000000000000000000000000000000000000000000000000000000000000000000000000000000000000000000000000000000000         
0010001300037P 010296290000000178772 28509430405120000   7  220000000000000010505201700000000000630000000 02N0604201720000000000000000000002200000000000000000000000000000000000000000000000000000000000000000000000000000003000000090000000000 
0010001300038Q 012022691853000150WINNER REABILITACAO DESPORTIVA EIRELI - R HARRY FEEKEN, 697 SALA 01             BONECA DO IGUAC83040000SAO JOSE DOS PIPR                                                        000                    00000000
0010001300039R 010000000000000000000000000000000000000000000000001050520170000000000001260000000000000000000000000000000000000000000000000000000000000000000000000000000000000000000000000000000000000000000000000000000000000000000000         
00100015         000041                                                                                                                                                                                                                         
00199999         000001000043                                                                                                                                                                                                                   
