00100000         296533310000140002850943001417019  0296290000000178772 CONTADOR AMIGO LTDA. - ME     BANCO DO BRASIL S.A                     106042017170456000000000                                                                          
00100011R01  000 2096533310000140002850943001417019  0296290000000178772 CONTADOR AMIGO LTDA. - ME                                                                                     0000000006042017                                         
0010001300001P 010296290000000178772 28509430399070000   7  220000000000000011704201700000000000630000000 02N0604201720000000000000000000002200000000000000000000000000000000000000000000000000000000000000000000000000000003000000090000000000 
0010001300002Q 01200291901800011724 VPS FILMES LTDA ME                   RUA SERGIPE, 447                        CONSOLACAO     01243001SAO PAULO      SP                                                        000                    00000000
0010001300003R 010000000000000000000000000000000000000000000000001170420170000000000001260000000000000000000000000000000000000000000000000000000000000000000000000000000000000000000000000000000000000000000000000000000000000000000000         
00100015         000005                                                                                                                                                                                                                         
00199999         000001000007                                                                                                                                                                                                                   
