00100000         296533310000140002850943001417019  0296290000000178772 CONTADOR AMIGO LTDA. - ME     BANCO DO BRASIL S.A                     107042017090431000000000                                                                          
00100011R01  000 2096533310000140002850943001417019  0296290000000178772 CONTADOR AMIGO LTDA. - ME                                                                                     0000000007042017                                         
0010001300001P 010296290000000178772 28509435347950000   7  220000000000000011605201700000000003540000000 02N0704201720000000000000000000002200000000000000000000000000000000000000000000000000000000000000000000000000000003000000090000000000 
0010001300002Q 012018785406000192WM REMOCOES LTDA - ME                   RUA JOSE ALEXANDRINO DE MORAES, 95      JD PATRICIA    08584090ITAQUAQUECETUBASP                                                        000                    00000000
0010001300003R 010000000000000000000000000000000000000000000000001160520170000000000007080000000000000000000000000000000000000000000000000000000000000000000000000000000000000000000000000000000000000000000000000000000000000000000000         
0010001300004P 010296290000000178772 28509430387240000   7  220000000000000012205201700000000001890000000 02N0704201720000000000000000000002200000000000000000000000000000000000000000000000000000000000000000000000000000003000000090000000000 
0010001300005Q 012026200296000188EDMIR MARQUES D AVILA JUNIOR - ME       RODOVIA REGIS BITTENCOURT, 1525 - 261E  MONTE ALEGRE   06768000TABOAO DA SERRASP                                                        000                    00000000
0010001300006R 010000000000000000000000000000000000000000000000001220520170000000000003780000000000000000000000000000000000000000000000000000000000000000000000000000000000000000000000000000000000000000000000000000000000000000000000         
0010001300007P 010296290000000178772 28509430405480000   7  220000000000000010105201700000000000630000000 02N0704201720000000000000000000002200000000000000000000000000000000000000000000000000000000000000000000000000000003000000090000000000 
0010001300008Q 012025136347000197ARAUJO E BONFIM LTDA ME                 AV SANTA TEREZINHA N 79                 SANTA TEREZINHA77808400ARAGUAINA      TO                                                        000                    00000000
0010001300009R 010000000000000000000000000000000000000000000000001010520170000000000001260000000000000000000000000000000000000000000000000000000000000000000000000000000000000000000000000000000000000000000000000000000000000000000000         
0010001300010P 010296290000000178772 28509430405540000   7  220000000000000010505201700000000000630000000 02N0704201720000000000000000000002200000000000000000000000000000000000000000000000000000000000000000000000000000003000000090000000000 
0010001300011Q 012013483345000195FABIO TERUO KAMIO - ME                  RUA HERMES FONTES, 59                   PINHEIROS      05418050SAO PAULO      SP                                                        000                    00000000
0010001300012R 010000000000000000000000000000000000000000000000001050520170000000000001260000000000000000000000000000000000000000000000000000000000000000000000000000000000000000000000000000000000000000000000000000000000000000000000         
0010001300013P 010296290000000178772 28509430405550000   7  220000000000000010605201700000000000630000000 02N0704201720000000000000000000002200000000000000000000000000000000000000000000000000000000000000000000000000000003000000090000000000 
0010001300014Q 012004711642000150STA COMERCIO E SERVICOS LTDA            AV ABEL CABRAL, 577, COND. SUN HAPPY, APNOVA PARNAMIRIM59151250PARNAMIRIM     RN                                                        000                    00000000
0010001300015R 010000000000000000000000000000000000000000000000001060520170000000000001260000000000000000000000000000000000000000000000000000000000000000000000000000000000000000000000000000000000000000000000000000000000000000000000         
0010001300016P 010296290000000178772 28509430405560000   7  220000000000000011505201700000000000630000000 02N0704201720000000000000000000002200000000000000000000000000000000000000000000000000000000000000000000000000000003000000090000000000 
0010001300017Q 012004210784000133MY SOLUTION INFORMATICA LTDA M          RUA SANTA VIRGINIA, 408 - CJ 24         TATUAPE        03084000SAO PAULO      SP                                                        000                    00000000
0010001300018R 010000000000000000000000000000000000000000000000001150520170000000000001260000000000000000000000000000000000000000000000000000000000000000000000000000000000000000000000000000000000000000000000000000000000000000000000         
0010001300019P 010296290000000178772 28509430405570000   7  220000000000000010605201700000000000630000000 02N0704201720000000000000000000002200000000000000000000000000000000000000000000000000000000000000000000000000000003000000090000000000 
0010001300020Q 012008311525000150JJ RIBEIRO CONSULTORES LTDA             RUA PEDRO BORTOLUZZI - 240              JOAO BATISTA TO89820000XANXERE        SC                                                        000                    00000000
0010001300021R 010000000000000000000000000000000000000000000000001060520170000000000001260000000000000000000000000000000000000000000000000000000000000000000000000000000000000000000000000000000000000000000000000000000000000000000000         
0010001300022P 010296290000000178772 28509430405580000   7  220000000000000011005201700000000000630000000 02N0704201720000000000000000000002200000000000000000000000000000000000000000000000000000000000000000000000000000003000000090000000000 
0010001300023Q 012022159705000199ANDRESSA FRONZA ME                      RUA ALFONSO SOUZA E SILVA, 69           AGUA VERDE     89037035BLUMENAU       SC                                                        000                    00000000
0010001300024R 010000000000000000000000000000000000000000000000001100520170000000000001260000000000000000000000000000000000000000000000000000000000000000000000000000000000000000000000000000000000000000000000000000000000000000000000         
0010001300025P 010296290000000178772 28509430405590000   7  220000000000000011705201700000000000630000000 02N0704201720000000000000000000002200000000000000000000000000000000000000000000000000000000000000000000000000000003000000090000000000 
0010001300026Q 01200291901800011724 VPS FILMES LTDA ME                   RUA SERGIPE, 447                        CONSOLACAO     01243001SAO PAULO      SP                                                        000                    00000000
0010001300027R 010000000000000000000000000000000000000000000000001170520170000000000001260000000000000000000000000000000000000000000000000000000000000000000000000000000000000000000000000000000000000000000000000000000000000000000000         
0010001300028P 010296290000000178772 28509430405600000   7  220000000000000010705201700000000000630000000 02N0704201720000000000000000000002200000000000000000000000000000000000000000000000000000000000000000000000000000003000000090000000000 
0010001300029Q 012018252150000158FLORISVALDO DE JESUS JUNIOR ME          RUA JOSE OTAVIO FONTANETTI              DALLA COSTA    13609530ARARAS         SP                                                        000                    00000000
0010001300030R 010000000000000000000000000000000000000000000000001070520170000000000001260000000000000000000000000000000000000000000000000000000000000000000000000000000000000000000000000000000000000000000000000000000000000000000000         
00100015         000032                                                                                                                                                                                                                         
00199999         000001000034                                                                                                                                                                                                                   
