00100000         296533310000140002850943001417019  0296290000000178772 CONTADOR AMIGO LTDA. - ME     BANCO DO BRASIL S.A                     110042017120452000000000                                                                          
00100011R01  000 2096533310000140002850943001417019  0296290000000178772 CONTADOR AMIGO LTDA. - ME                                                                                     0000000010042017                                         
0010001300001P 010296290000000178772 28509439015400000   7  220000000000000011004201700000000005880000000 02N1004201730000000000000000000000000000000000000000000000000000000000000000000000000000000000000000000000000000003000000090000000000 
0010001300002Q 012040307902000190JUNGLE JAZZ  PRODUCOES ARTISTICAS LTDA MRUA PROFESSOR ESTELITA LINS 100/304     LARANJEIRAS    22245150RIO DE JANEIRO RJ                                                        000                    00000000
0010001300003R 010000000000000000000000000000000000000000000000000000000000000000000000000000000000000000000000000000000000000000000000000000000000000000000000000000000000000000000000000000000000000000000000000000000000000000000000         
0010001300004P 010296290000000178772 28509439015410000   7  220000000000000011004201700000000001500000000 02N1004201730000000000000000000002200000000000000000000000000000000000000000000000000000000000000000000000000000003000000090000000000 
0010001300005Q 012018043870000103ADNA CORREA DE MELO DA SILVA            RUA ITATIBA 270                         NOVO CAMPOS ELI13050545CAMPINAS       SP                                                        000                    00000000
0010001300006R 010000000000000000000000000000000000000000000000000000000000000000000000000000000000000000000000000000000000000000000000000000000000000000000000000000000000000000000000000000000000000000000000000000000000000000000000         
0010001300007P 010296290000000178772 28509439015420000   7  220000000000000011104201700000000001500000000 02N1004201730000000000000000000002200000000000000000000000000000000000000000000000000000000000000000000000000000003000000090000000000 
0010001300008Q 012096533310000140CONTADOR AMIGO LTDA. - ME               AV. DAS NACOES UNIDAS, 8501 - 17  ANDAR JARDIM SANTA RI05425070SAO PAULO      SP                                                        000                    00000000
0010001300009R 010000000000000000000000000000000000000000000000000000000000000000000000000000000000000000000000000000000000000000000000000000000000000000000000000000000000000000000000000000000000000000000000000000000000000000000000         
0010001300010P 010296290000000178772 28509439015430000   7  220000000000000011004201700000000000630000000 02N1004201730000000000000000000002200000000000000000000000000000000000000000000000000000000000000000000000000000003000000090000000000 
0010001300011Q 011000075486614012ELVIS SILVA JUNIOR                      RUA CORIFEU DE AZEVEDO MARQUES          VILA LAGEADO   05339005SAO PAULO      SP                                                        000                    00000000
0010001300012R 010000000000000000000000000000000000000000000000000000000000000000000000000000000000000000000000000000000000000000000000000000000000000000000000000000000000000000000000000000000000000000000000000000000000000000000000         
0010001300013P 010296290000000178772 28509430404310000   7  220000000000000010405201700000000000630000000 02N1004201730000000000000000000000000000000000000000000000000000000000000000000000000000000000000000000000000000003000000090000000000 
0010001300014Q 012010810353000100INSET RED MESQUITA DEDETIZACOES LTDA ME RUA NESTOR 605                          SANTO ELIAS    26230540MESQUITA       RJ                                                        000                    00000000
0010001300015R 010000000000000000000000000000000000000000000000000000000000000000000000000000000000000000000000000000000000000000000000000000000000000000000000000000000000000000000000000000000000000000000000000000000000000000000000         
0010001300016P 010296290000000178772 28509430289790000   7  220000000000000012405201700000000005880000000 02N1004201730000000000000000000002200000000000000000000000000000000000000000000000000000000000000000000000000000003000000090000000000 
0010001300017Q 012013664334000101BRUNO VELOSO DE SANTANA E CIA LTDA ME   CAMINHO 01, CASA 12, SETOR I            MUSSURUNGA 2   41480300SALVADOR       BA                                                        000                    00000000
0010001300018R 010000000000000000000000000000000000000000000000001240520170000000000011760000000000000000000000000000000000000000000000000000000000000000000000000000000000000000000000000000000000000000000000000000000000000000000000         
0010001300019P 010296290000000178772 28509436347950000   7  220000000000000011605201700000000003540000000 02N1004201730000000000000000000002200000000000000000000000000000000000000000000000000000000000000000000000000000003000000090000000000 
0010001300020Q 012018785406000192WM REMOCOES LTDA - ME                   RUA JOSE ALEXANDRINO DE MORAES, 95      JD PATRICIA    08584090ITAQUAQUECETUBASP                                                        000                    00000000
0010001300021R 010000000000000000000000000000000000000000000000001160520170000000000007080000000000000000000000000000000000000000000000000000000000000000000000000000000000000000000000000000000000000000000000000000000000000000000000         
0010001300022P 010296290000000178772 28509430406510000   7  220000000000000010705201700000000000630000000 02N1004201730000000000000000000002200000000000000000000000000000000000000000000000000000000000000000000000000000003000000090000000000 
0010001300023Q 012010343225000102PADOVANI SERVICOS DE INFORMATICA LTDA   RUA GIACINTO TOGNATO, 1715              BAETA NEVES    09760372SAO BERNARDO DOSP                                                        000                    00000000
0010001300024R 010000000000000000000000000000000000000000000000001070520170000000000001260000000000000000000000000000000000000000000000000000000000000000000000000000000000000000000000000000000000000000000000000000000000000000000000         
0010001300025P 010296290000000178772 28509430406520000   7  220000000000000011505201700000000000630000000 02N1004201730000000000000000000002200000000000000000000000000000000000000000000000000000000000000000000000000000003000000090000000000 
0010001300026Q 012007105097000146HLU EVENTOS E CURSOS LTDA-ME            ESTRADA BASILIO VIEIRA DE GODOY,S/N KM 9ENTREMONTES    13920000PEDREIRA       SP                                                        000                    00000000
0010001300027R 010000000000000000000000000000000000000000000000001150520170000000000001260000000000000000000000000000000000000000000000000000000000000000000000000000000000000000000000000000000000000000000000000000000000000000000000         
0010001300028P 010296290000000178772 28509430406530000   7  220000000000000010705201700000000000630000000 02N1004201730000000000000000000002200000000000000000000000000000000000000000000000000000000000000000000000000000003000000090000000000 
0010001300029Q 012003119670000110NINHO VERDE COMP. GRAF. LTDA            RUA PRINCESA ISABEL, 507                BROOKLIN       04601001SAO PAULO      SP                                                        000                    00000000
0010001300030R 010000000000000000000000000000000000000000000000001070520170000000000001260000000000000000000000000000000000000000000000000000000000000000000000000000000000000000000000000000000000000000000000000000000000000000000000         
0010001300031P 010296290000000178772 28509430406540000   7  220000000000000011205201700000000000630000000 02N1004201730000000000000000000002200000000000000000000000000000000000000000000000000000000000000000000000000000003000000090000000000 
0010001300032Q 012009275012000101COMUNICACAO ESTRATEGICA E MARKETING DIRERUA IRENE RAMOS GOMES DE MATOS, 97/490  PINA           51011530RECIFE         PE                                                        000                    00000000
0010001300033R 010000000000000000000000000000000000000000000000001120520170000000000001260000000000000000000000000000000000000000000000000000000000000000000000000000000000000000000000000000000000000000000000000000000000000000000000         
0010001300034P 010296290000000178772 28509437347950000   7  220000000000000011605201700000000003540000000 02N1004201730000000000000000000002200000000000000000000000000000000000000000000000000000000000000000000000000000003000000090000000000 
0010001300035Q 012018785406000192WM REMOCOES LTDA - ME                   RUA JOSE ALEXANDRINO DE MORAES, 95      JD PATRICIA    08584090ITAQUAQUECETUBASP                                                        000                    00000000
0010001300036R 010000000000000000000000000000000000000000000000001160520170000000000007080000000000000000000000000000000000000000000000000000000000000000000000000000000000000000000000000000000000000000000000000000000000000000000000         
0010001300037P 010296290000000178772 28509430406720000   7  220000000000000010405201700000000000630000000 02N1004201730000000000000000000002200000000000000000000000000000000000000000000000000000000000000000000000000000003000000090000000000 
0010001300038Q 012023035743000100RIMA FISIOTERAPIA E SERVICOS EIRELI EPP RUA ROCHA POMBO , 245 C 12              JD PILAR       09185750SANTO ANDRE    SP                                                        000                    00000000
0010001300039R 010000000000000000000000000000000000000000000000001040520170000000000001260000000000000000000000000000000000000000000000000000000000000000000000000000000000000000000000000000000000000000000000000000000000000000000000         
0010001300040P 010296290000000178772 28509430406760000   7  220000000000000011004201700000000000630000000 02N1004201730000000000000000000000000000000000000000000000000000000000000000000000000000000000000000000000000000003000000090000000000 
0010001300041Q 012027187801000164NOGUEIRA SOUSA SOCIEDADE INDIVIDUAL DE AAV. FRANCISCO MATARAZZO, 1752, SALA 110 AGUA BRANCA    05002001SAO PAULO      SP                                                        000                    00000000
0010001300042R 010000000000000000000000000000000000000000000000000000000000000000000000000000000000000000000000000000000000000000000000000000000000000000000000000000000000000000000000000000000000000000000000000000000000000000000000         
00100015         000044                                                                                                                                                                                                                         
00199999         000001000046                                                                                                                                                                                                                   
