00100000         296533310000140002850943001417019  0296290000000178772 CONTADOR AMIGO LTDA. - ME     BANCO DO BRASIL S.A                     110042017150406000000000                                                                          
00100011R01  000 2096533310000140002850943001417019  0296290000000178772 CONTADOR AMIGO LTDA. - ME                                                                                     0000000010042017                                         
0010001300001P 010296290000000178772 28509430406780000   7  220000000000000011004201700000000000630000000 02N1004201730000000000000000000000000000000000000000000000000000000000000000000000000000000000000000000000000000003000000090000000000 
0010001300002Q 011000028984745847JULIANA BOAVENTURA DA SILVA             RUA MOCOCA                              JARDIM SAO FRAN13760000TAPIRATIBA     SP                                                        000                    00000000
0010001300003R 010000000000000000000000000000000000000000000000000000000000000000000000000000000000000000000000000000000000000000000000000000000000000000000000000000000000000000000000000000000000000000000000000000000000000000000000         
0010001300004P 010296290000000178772 28509430397470000   7  220000000000000011404201700000000000630000000 02N1004201730000000000000000000002200000000000000000000000000000000000000000000000000000000000000000000000000000003000000090000000000 
0010001300005Q 012003950160000190M MARSON DAMIAO INTERNET ME             RUA GUSTAVO DE VASCONCELLOS             LOTEAMENTO MARS13901170AMPARO         SP                                                        000                    00000000
0010001300006R 010000000000000000000000000000000000000000000000001140420170000000000001260000000000000000000000000000000000000000000000000000000000000000000000000000000000000000000000000000000000000000000000000000000000000000000000         
00100015         000008                                                                                                                                                                                                                         
00199999         000001000010                                                                                                                                                                                                                   
