00100000         296533310000140002850943001417019  0296290000000178772 CONTADOR AMIGO LTDA. - ME     BANCO DO BRASIL S.A                     111042017090449000000000                                                                          
00100011R01  000 2096533310000140002850943001417019  0296290000000178772 CONTADOR AMIGO LTDA. - ME                                                                                     0000000011042017                                         
0010001300001P 010296290000000178772 28509438347950000   7  220000000000000011605201700000000003540000000 02N1104201720000000000000000000002200000000000000000000000000000000000000000000000000000000000000000000000000000003000000090000000000 
0010001300002Q 012018785406000192WM REMOCOES LTDA - ME                   RUA JOSE ALEXANDRINO DE MORAES, 95      JD PATRICIA    08584090ITAQUAQUECETUBASP                                                        000                    00000000
0010001300003R 010000000000000000000000000000000000000000000000001160520170000000000007080000000000000000000000000000000000000000000000000000000000000000000000000000000000000000000000000000000000000000000000000000000000000000000000         
0010001300004P 010296290000000178772 28509430403980000   7  220000000000000010305201700000000000630000000 02N1104201720000000000000000000002200000000000000000000000000000000000000000000000000000000000000000000000000000003000000090000000000 
0010001300005Q 011000004516393832JOACIR ARAUJO MACHADO JUNIOR            RUA CORREIA DE LEMOS 212, AP. 53        CHACARA INGLESA04140000SAO PAULO      SP                                                        000                    00000000
0010001300006R 010000000000000000000000000000000000000000000000001030520170000000000001260000000000000000000000000000000000000000000000000000000000000000000000000000000000000000000000000000000000000000000000000000000000000000000000         
0010001300007P 010296290000000178772 28509430406410000   7  220000000000000010205201700000000000630000000 02N1104201720000000000000000000002200000000000000000000000000000000000000000000000000000000000000000000000000000003000000090000000000 
0010001300008Q 012013312473000176ALAN POMPILHO LIMA ME                   RUA WASHINGTON LUIZ, 1371 AP 204        VILA JONES     13465520AMERICANA      SP                                                        000                    00000000
0010001300009R 010000000000000000000000000000000000000000000000001020520170000000000001260000000000000000000000000000000000000000000000000000000000000000000000000000000000000000000000000000000000000000000000000000000000000000000000         
0010001300010P 010296290000000178772 28509430406750000   7  220000000000000010805201700000000000630000000 02N1104201720000000000000000000002200000000000000000000000000000000000000000000000000000000000000000000000000000003000000090000000000 
0010001300011Q 012004904390000185ASSOCIACAO PROJETO BRASILEIRO DE DANCA  RUA SANTA CLARA, 378                     JARDIM SANTA R09941270SAO PAULO      SP                                                        000                    00000000
0010001300012R 010000000000000000000000000000000000000000000000001080520170000000000001260000000000000000000000000000000000000000000000000000000000000000000000000000000000000000000000000000000000000000000000000000000000000000000000         
0010001300013P 010296290000000178772 28509430407020000   7  220000000000000010505201700000000000630000000 02N1104201720000000000000000000002200000000000000000000000000000000000000000000000000000000000000000000000000000003000000090000000000 
0010001300014Q 012067981878000126ALPHA PEGASUS PROCESSAMENTO DE DADOS SOCRUA DARDANELOS, 143                     ALTO DA LAPA   05468010SAO PAULO      SP                                                        000                    00000000
0010001300015R 010000000000000000000000000000000000000000000000001050520170000000000001260000000000000000000000000000000000000000000000000000000000000000000000000000000000000000000000000000000000000000000000000000000000000000000000         
0010001300016P 010296290000000178772 28509430407050000   7  220000000000000010505201700000000000630000000 02N1104201720000000000000000000002200000000000000000000000000000000000000000000000000000000000000000000000000000003000000090000000000 
0010001300017Q 012021118621000144SIVINI SIQUEIRA ESCRITORIO DE ADVOCACIA R. ERNESTO DE PAULA SANTOS, 1172        BOA VIAGEM     51021330RECIFE         PE                                                        000                    00000000
0010001300018R 010000000000000000000000000000000000000000000000001050520170000000000001260000000000000000000000000000000000000000000000000000000000000000000000000000000000000000000000000000000000000000000000000000000000000000000000         
0010001300019P 010296290000000178772 28509430407090000   7  220000000000000011105201700000000000630000000 02N1104201720000000000000000000002200000000000000000000000000000000000000000000000000000000000000000000000000000003000000090000000000 
0010001300020Q 012022200685000152PEDRO LUIZ ALBERTIN BONO MILAN - ME     RUA DR. JOSE BENEDITO VIANA DE MORAES 26VILA SAO FRANCI05351005SAO PAULO      SP                                                        000                    00000000
0010001300021R 010000000000000000000000000000000000000000000000001110520170000000000001260000000000000000000000000000000000000000000000000000000000000000000000000000000000000000000000000000000000000000000000000000000000000000000000         
0010001300022P 010296290000000178772 28509430407100000   7  220000000000000010805201700000000000630000000 02N1104201720000000000000000000002200000000000000000000000000000000000000000000000000000000000000000000000000000003000000090000000000 
0010001300023Q 012019723102000163WILLIANS ROBSON NONAKA PEREIRA - ME     RUA VATINGA, 166                        JD. IRACEMA    05847600SAO PAULO      SP                                                        000                    00000000
0010001300024R 010000000000000000000000000000000000000000000000001080520170000000000001260000000000000000000000000000000000000000000000000000000000000000000000000000000000000000000000000000000000000000000000000000000000000000000000         
0010001300025P 010296290000000178772 28509430407110000   7  220000000000000010705201700000000001260000000 02N1104201720000000000000000000002200000000000000000000000000000000000000000000000000000000000000000000000000000003000000090000000000 
0010001300026Q 012019780591000195JRFERRI SERVICOS DE ESCR ADMIN          RUA ANA MARIA MARTINEZ, 420 APTO 14A    ASSUNCAO       09811000SAO BERNARDO DOSP                                                        000                    00000000
0010001300027R 010000000000000000000000000000000000000000000000001070520170000000000002520000000000000000000000000000000000000000000000000000000000000000000000000000000000000000000000000000000000000000000000000000000000000000000000         
0010001300028P 010296290000000178772 28509430407120000   7  220000000000000010805201700000000000630000000 02N1104201720000000000000000000002200000000000000000000000000000000000000000000000000000000000000000000000000000003000000090000000000 
0010001300029Q 012004217515000107GRAFICA BR LTDA, ME                     RUA CAROLINA FLORENCE 1461              VILA NOVA      13073076CAMPINAS       SP                                                        000                    00000000
0010001300030R 010000000000000000000000000000000000000000000000001080520170000000000001260000000000000000000000000000000000000000000000000000000000000000000000000000000000000000000000000000000000000000000000000000000000000000000000         
0010001300031P 010296290000000178772 28509430407130000   7  220000000000000011205201700000000000630000000 02N1104201720000000000000000000002200000000000000000000000000000000000000000000000000000000000000000000000000000003000000090000000000 
0010001300032Q 012008875390000155APPEND SOLUCOES EM CRIACAO E G          RUA FRANZ SCHUBERT, 203, LOJA A - PARTE JARDIM AMERICA 21240090RIO DE JANEIRO RJ                                                        000                    00000000
0010001300033R 010000000000000000000000000000000000000000000000001120520170000000000001260000000000000000000000000000000000000000000000000000000000000000000000000000000000000000000000000000000000000000000000000000000000000000000000         
0010001300034P 010296290000000178772 28509430407140000   7  220000000000000010805201700000000000630000000 02N1104201720000000000000000000002200000000000000000000000000000000000000000000000000000000000000000000000000000003000000090000000000 
0010001300035Q 012005952834000110RAM SUPORTE EM TECNOLOGIA LTDA          RUA IRINEU CORREIA DA SILVA, 159        JD SATELITE    04815290SAO PAULO      SP                                                        000                    00000000
0010001300036R 010000000000000000000000000000000000000000000000001080520170000000000001260000000000000000000000000000000000000000000000000000000000000000000000000000000000000000000000000000000000000000000000000000000000000000000000         
0010001300037P 010296290000000178772 28509430407150000   7  220000000000000012505201700000000000630000000 02N1104201720000000000000000000002200000000000000000000000000000000000000000000000000000000000000000000000000000003000000090000000000 
0010001300038Q 012002677897000118CT COMUNICACAO LTDA                     Q.2, CONJ. C-15, BL. B AP 108           SOBRADINHO     73015315BRASILIA       DF                                                        000                    00000000
0010001300039R 010000000000000000000000000000000000000000000000001250520170000000000001260000000000000000000000000000000000000000000000000000000000000000000000000000000000000000000000000000000000000000000000000000000000000000000000         
0010001300040P 010296290000000178772 28509430407160000   7  220000000000000010905201700000000000630000000 02N1104201720000000000000000000002200000000000000000000000000000000000000000000000000000000000000000000000000000003000000090000000000 
0010001300041Q 012016882747000150CARLOS ALBERTO DE OLIVEIRA 13221111894 -RUA BRASILINO MARIANO, 36               COHAB IV       14735000SEVERINIA      SP                                                        000                    00000000
0010001300042R 010000000000000000000000000000000000000000000000001090520170000000000001260000000000000000000000000000000000000000000000000000000000000000000000000000000000000000000000000000000000000000000000000000000000000000000000         
0010001300043P 010296290000000178772 28509430407170000   7  220000000000000011005201700000000000630000000 02N1104201720000000000000000000002200000000000000000000000000000000000000000000000000000000000000000000000000000003000000090000000000 
0010001300044Q 012005982318000139AVLIS AR CONDICIONADO LTDA - ME         SAO JOSE DO RIO PRETO                   PARQUE INDUSTRI15025070SAO JOSE DO RIOSP                                                        000                    00000000
0010001300045R 010000000000000000000000000000000000000000000000001100520170000000000001260000000000000000000000000000000000000000000000000000000000000000000000000000000000000000000000000000000000000000000000000000000000000000000000         
0010001300046P 010296290000000178772 28509430407180000   7  220000000000000010905201700000000000630000000 02N1104201720000000000000000000002200000000000000000000000000000000000000000000000000000000000000000000000000000003000000090000000000 
0010001300047Q 012009069869000167C.C.T. CENTRO DE CURSOS DE IDIOMAS E TRARUA CLODOMIRO AMAZONAS 1422, CONJ. 23   VILA OLIMPIA   04537002SAO PAULO      SP                                                        000                    00000000
0010001300048R 010000000000000000000000000000000000000000000000001090520170000000000001260000000000000000000000000000000000000000000000000000000000000000000000000000000000000000000000000000000000000000000000000000000000000000000000         
0010001300049P 010296290000000178772 28509430407190000   7  220000000000000010705201700000000000630000000 02N1104201720000000000000000000002200000000000000000000000000000000000000000000000000000000000000000000000000000003000000090000000000 
0010001300050Q 012016559803000110A D R BARBOSA                           R ACRE 98                               VISTA ALEGRE   32400000IBIRITE        MG                                                        000                    00000000
0010001300051R 010000000000000000000000000000000000000000000000001070520170000000000001260000000000000000000000000000000000000000000000000000000000000000000000000000000000000000000000000000000000000000000000000000000000000000000000         
0010001300052P 010296290000000178772 28509430407200000   7  220000000000000011005201700000000000630000000 02N1104201720000000000000000000002200000000000000000000000000000000000000000000000000000000000000000000000000000003000000090000000000 
0010001300053Q 012024661884000193E CARDOSO DE OLIVEIRA ESTUDIO DE GRAVACAESTV  VELHA DO PILAR LOTE 02 QUDRA 10   CHACARAS RIO PE25230610DUQUE DE CAXIASRJ                                                        000                    00000000
0010001300054R 010000000000000000000000000000000000000000000000001100520170000000000001260000000000000000000000000000000000000000000000000000000000000000000000000000000000000000000000000000000000000000000000000000000000000000000000         
0010001300055P 010296290000000178772 28509430407210000   7  220000000000000011005201700000000000630000000 02N1104201720000000000000000000002200000000000000000000000000000000000000000000000000000000000000000000000000000003000000090000000000 
0010001300056Q 012013755353000143HOMERO DE FREITAS GUIMARAES RI          RUA GALILEIA, N  362                    PARQUE SAO JOAO32342190CONTAGEM       MG                                                        000                    00000000
0010001300057R 010000000000000000000000000000000000000000000000001100520170000000000001260000000000000000000000000000000000000000000000000000000000000000000000000000000000000000000000000000000000000000000000000000000000000000000000         
0010001300058P 010296290000000178772 28509430407220000   7  220000000000000011005201700000000000630000000 02N1104201720000000000000000000002200000000000000000000000000000000000000000000000000000000000000000000000000000003000000090000000000 
0010001300059Q 012021832106000121FERNANDO SANTANA CAUMO                  RODOVIA REGIS BITTENCOURT, S/N - KM 288 JARDIM ITAPECER06888700ITAPECERICA DA SP                                                        000                    00000000
0010001300060R 010000000000000000000000000000000000000000000000001100520170000000000001260000000000000000000000000000000000000000000000000000000000000000000000000000000000000000000000000000000000000000000000000000000000000000000000         
0010001300061P 010296290000000178772 28509430407230000   7  220000000000000011005201700000000000630000000 02N1104201720000000000000000000002200000000000000000000000000000000000000000000000000000000000000000000000000000003000000090000000000 
0010001300062Q 012013993580000107ATLAS BROKERS CORRETORA DE SEGUROS LTDA R CAMPOS SALLES, 669                    VILA NOVA      13322060SALTO          SP                                                        000                    00000000
0010001300063R 010000000000000000000000000000000000000000000000001100520170000000000001260000000000000000000000000000000000000000000000000000000000000000000000000000000000000000000000000000000000000000000000000000000000000000000000         
0010001300064P 010296290000000178772 28509430407240000   7  220000000000000011005201700000000000630000000 02N1104201720000000000000000000002200000000000000000000000000000000000000000000000000000000000000000000000000000003000000090000000000 
0010001300065Q 012008684484000147FRANCISCO BELA DEAK ME                  RUA JOAO RAMALHO, 586 AP 42B            PERDIZES       05008900SAO PAULO      SP                                                        000                    00000000
0010001300066R 010000000000000000000000000000000000000000000000001100520170000000000001260000000000000000000000000000000000000000000000000000000000000000000000000000000000000000000000000000000000000000000000000000000000000000000000         
0010001300067P 010296290000000178772 28509430407250000   7  220000000000000011105201700000000000630000000 02N1104201720000000000000000000002200000000000000000000000000000000000000000000000000000000000000000000000000000003000000090000000000 
0010001300068Q 012022368093000144RICARDO MIGUEL DE PAULA PERES - ME      EST. SALTINHO QUATRO, S/N - CAIXA POSTALBARREIRINHO    13440000SALTINHO       SP                                                        000                    00000000
0010001300069R 010000000000000000000000000000000000000000000000001110520170000000000001260000000000000000000000000000000000000000000000000000000000000000000000000000000000000000000000000000000000000000000000000000000000000000000000         
0010001300070P 010296290000000178772 28509430407260000   7  220000000000000011005201700000000000630000000 02N1104201720000000000000000000002200000000000000000000000000000000000000000000000000000000000000000000000000000003000000090000000000 
0010001300071Q 012020427400000195DAYANE JOSELY MOREIRA MARQUES           RUA DONA JOSEFINA Q.24 LT. 1E APT.102 BCJARDIM BELA VIS74912036APARECIDA DE GOGO                                                        000                    00000000
0010001300072R 010000000000000000000000000000000000000000000000001100520170000000000001260000000000000000000000000000000000000000000000000000000000000000000000000000000000000000000000000000000000000000000000000000000000000000000000         
0010001300073P 010296290000000178772 28509430407270000   7  220000000000000012005201700000000000630000000 02N1104201720000000000000000000002200000000000000000000000000000000000000000000000000000000000000000000000000000003000000090000000000 
0010001300074Q 011000025039035845MARCIO QUIRINO CARDOSO                  RUA DO LAVRADOR 133                     JD.ANGELA (ZN L03985150SAO PAULO      SP                                                        000                    00000000
0010001300075R 010000000000000000000000000000000000000000000000001200520170000000000001260000000000000000000000000000000000000000000000000000000000000000000000000000000000000000000000000000000000000000000000000000000000000000000000         
0010001300076P 010296290000000178772 28509430407280000   7  220000000000000011105201700000000000630000000 02N1104201720000000000000000000002200000000000000000000000000000000000000000000000000000000000000000000000000000003000000090000000000 
0010001300077Q 012027187801000164NOGUEIRA SOUSA SOCIEDADE INDIVIDUAL DE AAV. FRANCISCO MATARAZZO, 1752, SALA 110 AGUA BRANCA    05002001SAO PAULO      SP                                                        000                    00000000
0010001300078R 010000000000000000000000000000000000000000000000001110520170000000000001260000000000000000000000000000000000000000000000000000000000000000000000000000000000000000000000000000000000000000000000000000000000000000000000         
00100015         000080                                                                                                                                                                                                                         
00199999         000001000082                                                                                                                                                                                                                   
