00100000         296533310000140002850943001417019  0296290000000178772 CONTADOR AMIGO LTDA. - ME     BANCO DO BRASIL S.A                     112042017140406000000000                                                                          
00100011R01  000 2096533310000140002850943001417019  0296290000000178772 CONTADOR AMIGO LTDA. - ME                                                                                     0000000012042017                                         
0010001300001P 010296290000000178772 28509430407430000   7  220000000000000011105201700000000000630000000 02N1204201730000000000000000000000000000000000000000000000000000000000000000000000000000000000000000000000000000003000000090000000000 
0010001300002Q 012024956412000168FERNANDA FERREIRA SANT ANA JARDIM       RUA GERALDO COSTA ALVES                 MANGUINHOS     29173064SERRA          ES                                                        000                    00000000
0010001300003R 010000000000000000000000000000000000000000000000000000000000000000000000000000000000000000000000000000000000000000000000000000000000000000000000000000000000000000000000000000000000000000000000000000000000000000000000         
0010001300004P 010296290000000178772 28509439347950000   7  220000000000000011605201700000000003540000000 02N1204201730000000000000000000002200000000000000000000000000000000000000000000000000000000000000000000000000000003000000090000000000 
0010001300005Q 012018785406000192WM REMOCOES LTDA - ME                   RUA JOSE ALEXANDRINO DE MORAES, 95      JD PATRICIA    08584090ITAQUAQUECETUBASP                                                        000                    00000000
0010001300006R 010000000000000000000000000000000000000000000000001160520170000000000007080000000000000000000000000000000000000000000000000000000000000000000000000000000000000000000000000000000000000000000000000000000000000000000000         
0010001300007P 010296290000000178772 28509431406750000   7  220000000000000010805201700000000003540000000 02N1204201730000000000000000000002200000000000000000000000000000000000000000000000000000000000000000000000000000003000000090000000000 
0010001300008Q 012004904390000185ASSOCIACAO PROJETO BRASILEIRO DE DANCA  RUA SANTA CLARA, 378                     JARDIM SANTA R09941270SAO PAULO      SP                                                        000                    00000000
0010001300009R 010000000000000000000000000000000000000000000000001080520170000000000007080000000000000000000000000000000000000000000000000000000000000000000000000000000000000000000000000000000000000000000000000000000000000000000000         
0010001300010P 010296290000000178772 28509430407530000   7  220000000000000010605201700000000000630000000 02N1204201730000000000000000000002200000000000000000000000000000000000000000000000000000000000000000000000000000003000000090000000000 
0010001300011Q 012005668555000120ANA LUCIA CASTILHO DE ANDRADE ME        RUA TERESOPOLIS, 281 CASA 02            JARDIM MARILEA 28896022RIO DAS OSTRAS RJ                                                        000                    00000000
0010001300012R 010000000000000000000000000000000000000000000000001060520170000000000001260000000000000000000000000000000000000000000000000000000000000000000000000000000000000000000000000000000000000000000000000000000000000000000000         
0010001300013P 010296290000000178772 28509430407580000   7  220000000000000011705201700000000000630000000 02N1204201730000000000000000000002200000000000000000000000000000000000000000000000000000000000000000000000000000003000000090000000000 
0010001300014Q 012013977284000112ATTENTO BRASIL SERVICOS FINANCEIROS     QR 401 CONJ 26 CASA 06                  SAMAMBAIA NORTE72319026BRASILIA       DF                                                        000                    00000000
0010001300015R 010000000000000000000000000000000000000000000000001170520170000000000001260000000000000000000000000000000000000000000000000000000000000000000000000000000000000000000000000000000000000000000000000000000000000000000000         
0010001300016P 010296290000000178772 28509430407590000   7  220000000000000011205201700000000000630000000 02N1204201730000000000000000000002200000000000000000000000000000000000000000000000000000000000000000000000000000003000000090000000000 
0010001300017Q 011000035375940892TATIANA BARTHMANN MOURA                 RUA TUCUNA, 270 APTO 111                PERDIZES       05021010SAO PAULO      SP                                                        000                    00000000
0010001300018R 010000000000000000000000000000000000000000000000001120520170000000000001260000000000000000000000000000000000000000000000000000000000000000000000000000000000000000000000000000000000000000000000000000000000000000000000         
0010001300019P 010296290000000178772 28509430407600000   7  220000000000000011205201700000000000630000000 02N1204201730000000000000000000002200000000000000000000000000000000000000000000000000000000000000000000000000000003000000090000000000 
0010001300020Q 011000012893968848VALERIA RODRIGUES DOS SANTOS            RUA JOAO CARBONARI JUNIOR 214 BL 28 APTONOVA JUNDIAINOP13210705JUNDIAI        SP                                                        000                    00000000
0010001300021R 010000000000000000000000000000000000000000000000001120520170000000000001260000000000000000000000000000000000000000000000000000000000000000000000000000000000000000000000000000000000000000000000000000000000000000000000         
0010001300022P 010296290000000178772 28509430407610000   7  220000000000000011305201700000000000630000000 02N1204201730000000000000000000002200000000000000000000000000000000000000000000000000000000000000000000000000000003000000090000000000 
0010001300023Q 012018837400000111INFOPIRES TELECOM LTDA                  RUA JOSE DE PAULA, LOTE 10 QUADRA 24    PARQUE XEREM   25245550DUQUE DE CAXIASRJ                                                        000                    00000000
0010001300024R 010000000000000000000000000000000000000000000000001130520170000000000001260000000000000000000000000000000000000000000000000000000000000000000000000000000000000000000000000000000000000000000000000000000000000000000000         
0010001300025P 010296290000000178772 28509430407620000   7  220000000000000011805201700000000000630000000 02N1204201730000000000000000000002200000000000000000000000000000000000000000000000000000000000000000000000000000003000000090000000000 
0010001300026Q 012013866650000166WIPAVILU SERVICOS ADMINISTRATIVOS LTDA -RUA CORONEL JOSE VENANCIO DIAS 827      JARAGUA        05160030SAO PAULO      SP                                                        000                    00000000
0010001300027R 010000000000000000000000000000000000000000000000001180520170000000000001260000000000000000000000000000000000000000000000000000000000000000000000000000000000000000000000000000000000000000000000000000000000000000000000         
0010001300028P 010296290000000178772 28509430407630000   7  220000000000000011305201700000000000630000000 02N1204201730000000000000000000002200000000000000000000000000000000000000000000000000000000000000000000000000000003000000090000000000 
0010001300029Q 012021295645000179AMAURI SILVEIRA CORREA TECNOLOGIA DA INFRUA DO ARUANA, 67, AP.114-A             PARQUE RESIDENC12246250SAO JOSE DOS CASP                                                        000                    00000000
0010001300030R 010000000000000000000000000000000000000000000000001130520170000000000001260000000000000000000000000000000000000000000000000000000000000000000000000000000000000000000000000000000000000000000000000000000000000000000000         
0010001300031P 010296290000000178772 28509430407640000   7  220000000000000011204201700000000000630000000 02N1204201730000000000000000000000000000000000000000000000000000000000000000000000000000000000000000000000000000003000000090000000000 
0010001300032Q 012011121313000114PROFILE REPRESENTACOES LTDA             RUA CONSELHEIRO MAYRINK, 389            ROCHA          20960140RIO DE JANEIRO RJ                                                        000                    00000000
0010001300033R 010000000000000000000000000000000000000000000000000000000000000000000000000000000000000000000000000000000000000000000000000000000000000000000000000000000000000000000000000000000000000000000000000000000000000000000000         
0010001300034P 010296290000000178772 28509430406370000   7  220000000000000010305201700000000000630000000 02N1204201730000000000000000000002200000000000000000000000000000000000000000000000000000000000000000000000000000003000000090000000000 
0010001300035Q 011000009438827706FLAVIA CRISTINA PINTO TRAJANO           RUA BARAO DE COTEGIPE 594 APT 302       VILA ISABEL    20560080RIO DE JANEIRO RJ                                                        000                    00000000
0010001300036R 010000000000000000000000000000000000000000000000001030520170000000000001260000000000000000000000000000000000000000000000000000000000000000000000000000000000000000000000000000000000000000000000000000000000000000000000         
0010001300037P 010296290000000178772 28509430407730000   7  220000000000000011204201700000000001260000000 02N1204201730000000000000000000002200000000000000000000000000000000000000000000000000000000000000000000000000000003000000090000000000 
0010001300038Q 012021586575000108DE BESSA EVENTOS EIRELLI                AV. ALFREDO ZUNKELLER, 688              PQ. MANDAQUI   02435000SAO PAULO      SP                                                        000                    00000000
0010001300039R 010000000000000000000000000000000000000000000000001120420170000000000002520000000000000000000000000000000000000000000000000000000000000000000000000000000000000000000000000000000000000000000000000000000000000000000000         
0010001300040P 010296290000000178772 28509430407810000   7  220000000000000011204201700000000000630000000 02N1204201730000000000000000000002200000000000000000000000000000000000000000000000000000000000000000000000000000003000000090000000000 
0010001300041Q 012019996965000104ROBSON NUNES DE LIMA292661088           RUA IRINA MILCHEV STARBULOV 148         PARQUE GRAJU   04435500SAO PAULO      SP                                                        000                    00000000
0010001300042R 010000000000000000000000000000000000000000000000001120420170000000000001260000000000000000000000000000000000000000000000000000000000000000000000000000000000000000000000000000000000000000000000000000000000000000000000         
00100015         000044                                                                                                                                                                                                                         
00199999         000001000046                                                                                                                                                                                                                   
