00100000         296533310000140002850943001417019  0296290000000178772 CONTADOR AMIGO LTDA. - ME     BANCO DO BRASIL S.A                     113042017110431000000000                                                                          
00100011R01  000 2096533310000140002850943001417019  0296290000000178772 CONTADOR AMIGO LTDA. - ME                                                                                     0000000013042017                                         
0010001300001P 010296290000000178772 28509437347950000   7  220000000000000011605201700000000003540000000 02N1304201720000000000000000000002200000000000000000000000000000000000000000000000000000000000000000000000000000003000000090000000000 
0010001300002Q 012018785406000192WM REMOCOES LTDA - ME                   RUA JOSE ALEXANDRINO DE MORAES, 95      JD PATRICIA    08584090ITAQUAQUECETUBASP                                                        000                    00000000
0010001300003R 010000000000000000000000000000000000000000000000001160520170000000000007080000000000000000000000000000000000000000000000000000000000000000000000000000000000000000000000000000000000000000000000000000000000000000000000         
0010001300004P 010296290000000178772 28509430406360000   7  220000000000000010305201700000000000630000000 02N1304201720000000000000000000002200000000000000000000000000000000000000000000000000000000000000000000000000000003000000090000000000 
0010001300005Q 012013614652000168ANDRE CALEGARI RODRIGUES - ME           R GENEBRA                               PARQUE NOVO ORA09260260SANTO ANDRE    SP                                                        000                    00000000
0010001300006R 010000000000000000000000000000000000000000000000001030520170000000000001260000000000000000000000000000000000000000000000000000000000000000000000000000000000000000000000000000000000000000000000000000000000000000000000         
0010001300007P 010296290000000178772 28509430406560000   7  220000000000000012805201700000000000630000000 02N1304201720000000000000000000002200000000000000000000000000000000000000000000000000000000000000000000000000000003000000090000000000 
0010001300008Q 012020122674000176JOSE CARLOS DE CAMARGO SOCIEDADE DE ADVORUA WASHINGTON LUIS, 253                CENTRO         13460000NOVA ODESSA    SP                                                        000                    00000000
0010001300009R 010000000000000000000000000000000000000000000000001280520170000000000001260000000000000000000000000000000000000000000000000000000000000000000000000000000000000000000000000000000000000000000000000000000000000000000000         
0010001300010P 010296290000000178772 28509430408240000   7  220000000000000012005201700000000000630000000 02N1304201720000000000000000000002200000000000000000000000000000000000000000000000000000000000000000000000000000003000000090000000000 
0010001300011Q 012022161022000176TAKE CARE OF YOUR BUSINESS SERVICOS DE PRUA SUGAO SUZUKI N 100 BC 06 CONJ 24B   COLONIA (ZONA L08260110SAO PAULO      SP                                                        000                    00000000
0010001300012R 010000000000000000000000000000000000000000000000001200520170000000000001260000000000000000000000000000000000000000000000000000000000000000000000000000000000000000000000000000000000000000000000000000000000000000000000         
0010001300013P 010296290000000178772 28509430408250000   7  220000000000000011205201700000000000630000000 02N1304201720000000000000000000002200000000000000000000000000000000000000000000000000000000000000000000000000000003000000090000000000 
0010001300014Q 012023546852000184DMC SERVICOS DE INFORMATICA             RUA PEDRO WIERECK, 15                   AEROPORTO      36038319JUIZ DE FORA   MG                                                        000                    00000000
0010001300015R 010000000000000000000000000000000000000000000000001120520170000000000001260000000000000000000000000000000000000000000000000000000000000000000000000000000000000000000000000000000000000000000000000000000000000000000000         
0010001300016P 010296290000000178772 28509430408260000   7  220000000000000011205201700000000000630000000 02N1304201720000000000000000000002200000000000000000000000000000000000000000000000000000000000000000000000000000003000000090000000000 
0010001300017Q 012025034749000180LUIS CARLOS A. MERCON DE VARGAS SOCIEDADPC SAN MARTIN, 84/305                   PRAIA DO CANTO 29055170VITORIA        ES                                                        000                    00000000
0010001300018R 010000000000000000000000000000000000000000000000001120520170000000000001260000000000000000000000000000000000000000000000000000000000000000000000000000000000000000000000000000000000000000000000000000000000000000000000         
0010001300019P 010296290000000178772 28509430408270000   7  220000000000000011505201700000000000630000000 02N1304201720000000000000000000002200000000000000000000000000000000000000000000000000000000000000000000000000000003000000090000000000 
0010001300020Q 012012265313000150VC SERVICOS DE ESCRITORIO E APOIO ADMINIRUA 04, NUMERO 20, QUADRA J, COND PARQUEDOM PEDRO      69065061MANAUS         AM                                                        000                    00000000
0010001300021R 010000000000000000000000000000000000000000000000001150520170000000000001260000000000000000000000000000000000000000000000000000000000000000000000000000000000000000000000000000000000000000000000000000000000000000000000         
0010001300022P 010296290000000178772 28509430408280000   7  220000000000000011205201700000000000630000000 02N1304201720000000000000000000002200000000000000000000000000000000000000000000000000000000000000000000000000000003000000090000000000 
0010001300023Q 012019996965000104ROBSON NUNES DE LIMA292661088           RUA IRINA MILCHEV STARBULOV 148         PARQUE GRAJU   04435500SAO PAULO      SP                                                        000                    00000000
0010001300024R 010000000000000000000000000000000000000000000000001120520170000000000001260000000000000000000000000000000000000000000000000000000000000000000000000000000000000000000000000000000000000000000000000000000000000000000000         
0010001300025P 010296290000000178772 28509430408290000   7  220000000000000011205201700000000000630000000 02N1304201720000000000000000000002200000000000000000000000000000000000000000000000000000000000000000000000000000003000000090000000000 
0010001300026Q 012015624664000107OFFICE PROJETORES COM E SERV LTDA       RUA FRANCISCO BASILIO DE MELO 277       PRQ MARIA DOMIT05128200SAO PAULO      SP                                                        000                    00000000
0010001300027R 010000000000000000000000000000000000000000000000001120520170000000000001260000000000000000000000000000000000000000000000000000000000000000000000000000000000000000000000000000000000000000000000000000000000000000000000         
00100015         000029                                                                                                                                                                                                                         
00199999         000001000031                                                                                                                                                                                                                   
