00100000         296533310000140002850943001417019  0296290000000178772 CONTADOR AMIGO LTDA. - ME     BANCO DO BRASIL S.A                     117042017180434000000000                                                                          
00100011R01  000 2096533310000140002850943001417019  0296290000000178772 CONTADOR AMIGO LTDA. - ME                                                                                     0000000017042017                                         
0010001300001P 010296290000000178772 28509430407040000   7  220000000000000010505201700000000000630000000 02N1704201720000000000000000000002200000000000000000000000000000000000000000000000000000000000000000000000000000003000000090000000000 
0010001300002Q 012066779463000101CARLOS ALBERTO MAJOLO CAMPOS            RUA MARIA LEONI DE ANDRADE              JARDIM HELENA  17022861BAURU          SP                                                        000                    00000000
0010001300003R 010000000000000000000000000000000000000000000000001050520170000000000001260000000000000000000000000000000000000000000000000000000000000000000000000000000000000000000000000000000000000000000000000000000000000000000000         
0010001300004P 010296290000000178772 28509430403050000   7  220000000000000012704201700000000000630000000 02N1704201720000000000000000000002200000000000000000000000000000000000000000000000000000000000000000000000000000003000000090000000000 
0010001300005Q 012026255605000117DRAGON SUSHI BAR E DELIVERY LTDA        RUA FREI CANECA 441                     ESTACIO        20211020RIO DE JANEIRO RJ                                                        000                    00000000
0010001300006R 010000000000000000000000000000000000000000000000001270420170000000000001260000000000000000000000000000000000000000000000000000000000000000000000000000000000000000000000000000000000000000000000000000000000000000000000         
0010001300007P 010296290000000178772 28509432347950000   7  220000000000000011605201700000000003540000000 02N1704201720000000000000000000002200000000000000000000000000000000000000000000000000000000000000000000000000000003000000090000000000 
0010001300008Q 012018785406000192WM REMOCOES LTDA - ME                   RUA JOSE ALEXANDRINO DE MORAES, 95      JD PATRICIA    08584090ITAQUAQUECETUBASP                                                        000                    00000000
0010001300009R 010000000000000000000000000000000000000000000000001160520170000000000007080000000000000000000000000000000000000000000000000000000000000000000000000000000000000000000000000000000000000000000000000000000000000000000000         
0010001300010P 010296290000000178772 28509430406550000   7  220000000000000010106201700000000000630000000 02N1704201720000000000000000000002200000000000000000000000000000000000000000000000000000000000000000000000000000003000000090000000000 
0010001300011Q 012008821474000106S.COMM TELECOMUNICACOES LTDA            RUA SOUZA FILHO,304                     VILA UNIAO     02911060SAO PAULO      SP                                                        000                    00000000
0010001300012R 010000000000000000000000000000000000000000000000001010620170000000000001260000000000000000000000000000000000000000000000000000000000000000000000000000000000000000000000000000000000000000000000000000000000000000000000         
0010001300013P 010296290000000178772 28509430409130000   7  220000000000000011105201700000000000630000000 02N1704201720000000000000000000002200000000000000000000000000000000000000000000000000000000000000000000000000000003000000090000000000 
0010001300014Q 012006341946000106BRZ LOCACAO DE VEICULOS E TRANSPORTE LTDRUA CAZUARINA, 169                      JD. PAULISTA   12947490ATIBAIA        SP                                                        000                    00000000
0010001300015R 010000000000000000000000000000000000000000000000001110520170000000000001260000000000000000000000000000000000000000000000000000000000000000000000000000000000000000000000000000000000000000000000000000000000000000000000         
0010001300016P 010296290000000178772 28509430409270000   7  220000000000000011305201700000000000630000000 02N1704201720000000000000000000002200000000000000000000000000000000000000000000000000000000000000000000000000000003000000090000000000 
0010001300017Q 011000098334891172JACQUES HULSHOF SAINT MARTIN            RUA ROTA DOS IMIGRANTES, 409, CP 107    CENTRO         13825000HOLAMBRA       SP                                                        000                    00000000
0010001300018R 010000000000000000000000000000000000000000000000001130520170000000000001260000000000000000000000000000000000000000000000000000000000000000000000000000000000000000000000000000000000000000000000000000000000000000000000         
0010001300019P 010296290000000178772 28509430409280000   7  220000000000000011305201700000000000630000000 02N1704201720000000000000000000002200000000000000000000000000000000000000000000000000000000000000000000000000000003000000090000000000 
0010001300020Q 012018034502000107CEZAR AUGUSTO RODRIGUES GONCALVES DA SILRUA ANTONIETA REVOREDO, 463             VILA ELVIRA    04725010SAO PAULO      SP                                                        000                    00000000
0010001300021R 010000000000000000000000000000000000000000000000001130520170000000000001260000000000000000000000000000000000000000000000000000000000000000000000000000000000000000000000000000000000000000000000000000000000000000000000         
0010001300022P 010296290000000178772 28509430409290000   7  220000000000000011605201700000000000630000000 02N1704201720000000000000000000002200000000000000000000000000000000000000000000000000000000000000000000000000000003000000090000000000 
0010001300023Q 012032081994000104D. QUEIROZ DESENHO E ARTE LTDA          RUA PEDRO DE CARVALHO, 820              LINS DE VASCONC20725233RIO DE JANEIRO RJ                                                        000                    00000000
0010001300024R 010000000000000000000000000000000000000000000000001160520170000000000001260000000000000000000000000000000000000000000000000000000000000000000000000000000000000000000000000000000000000000000000000000000000000000000000         
0010001300025P 010296290000000178772 28509430409300000   7  220000000000000012805201700000000000630000000 02N1704201720000000000000000000002200000000000000000000000000000000000000000000000000000000000000000000000000000003000000090000000000 
0010001300026Q 012019459066000172ALISON GUEDES ALTMAYER - ME             ANDRADAS, 322                           CENTRO         96200030RIO GRANDE     RS                                                        000                    00000000
0010001300027R 010000000000000000000000000000000000000000000000001280520170000000000001260000000000000000000000000000000000000000000000000000000000000000000000000000000000000000000000000000000000000000000000000000000000000000000000         
0010001300028P 010296290000000178772 28509431407730000   7  220000000000000011704201700000000000630000000 02N1704201720000000000000000000002200000000000000000000000000000000000000000000000000000000000000000000000000000003000000090000000000 
0010001300029Q 012021586575000108DE BESSA EVENTOS EIRELLI                AV. ALFREDO ZUNKELLER, 688              PQ. MANDAQUI   02435000SAO PAULO      SP                                                        000                    00000000
0010001300030R 010000000000000000000000000000000000000000000000001170420170000000000001260000000000000000000000000000000000000000000000000000000000000000000000000000000000000000000000000000000000000000000000000000000000000000000000         
0010001300031P 010296290000000178772 28509430409580000   7  220000000000000011704201700000000005880000000 02N1704201730000000000000000000000000000000000000000000000000000000000000000000000000000000000000000000000000000003000000090000000000 
0010001300032Q 012015662784000190TAS SISTEMA INFORMACAO LTDA - ME        RUA PAULINO GUIMARAES, 94 SALA 4        ARMENIA        01109020SAO PAULO      SP                                                        000                    00000000
0010001300033R 010000000000000000000000000000000000000000000000000000000000000000000000000000000000000000000000000000000000000000000000000000000000000000000000000000000000000000000000000000000000000000000000000000000000000000000000         
0010001300034P 010296290000000178772 28509430409630000   7  220000000000000011704201700000000000000000000 02N1704201730000000000000000000000000000000000000000000000000000000000000000000000000000000000000000000000000000003000000090000000000 
0010001300035Q 011000032416179802KEREN MARIANO DIAS                      RUA SILVIO DE PAULA, 1013               NOSSA SRA. DE F13460000NOVA ODESSA    SP                                                        000                    00000000
0010001300036R 010000000000000000000000000000000000000000000000000000000000000000000000000000000000000000000000000000000000000000000000000000000000000000000000000000000000000000000000000000000000000000000000000000000000000000000000         
00100015         000038                                                                                                                                                                                                                         
00199999         000001000040                                                                                                                                                                                                                   
