00100000         296533310000140002850943001417019  0296290000000178772 CONTADOR AMIGO LTDA. - ME     BANCO DO BRASIL S.A                     118042017100430000000000                                                                          
00100011R01  000 2096533310000140002850943001417019  0296290000000178772 CONTADOR AMIGO LTDA. - ME                                                                                     0000000018042017                                         
0010001300001P 010296290000000178772 28509430409120000   7  220000000000000011105201700000000000630000000 02N1804201720000000000000000000002200000000000000000000000000000000000000000000000000000000000000000000000000000003000000090000000000 
0010001300002Q 012008955709000152TOSS CONSULTORIA E RESULTADOS ME LTDA   RUA JOSUE DI BERNARDI, 185 SALA 27      CAMPINAS       88101200SAO JOSE       SC                                                        000                    00000000
0010001300003R 010000000000000000000000000000000000000000000000001110520170000000000001260000000000000000000000000000000000000000000000000000000000000000000000000000000000000000000000000000000000000000000000000000000000000000000000         
0010001300004P 010296290000000178772 28509431385000000   7  220000000000000011804201700000000000721000000 02N1804201720000000000000000000002200000000000000000000000000000000000000000000000000000000000000000000000000000003000000090000000000 
0010001300005Q 011000022864933837EVANDRO MARQUES                         ALAMEDA EDUARDO PRADO                   CAMPOS ELISEOS 01218010SAO PAULO      SP                                                        000                    00000000
0010001300006R 010000000000000000000000000000000000000000000000000000000000000000000000000000000000000000000000000000000000000000000000000000000000000000000000000000000000000000000000000000000000000000000000000000000000000000000000         
0010001300007P 010296290000000178772 28509430396710000   7  220000000000000011804201700000000000657200000 02N1804201720000000000000000000002200000000000000000000000000000000000000000000000000000000000000000000000000000003000000090000000000 
0010001300008Q 011000022864933837EVANDRO MARQUES                         ALAMEDA EDUARDO PRADO                   CAMPOS ELISEOS 01218010SAO PAULO      SP                                                        000                    00000000
0010001300009R 010000000000000000000000000000000000000000000000000000000000000000000000000000000000000000000000000000000000000000000000000000000000000000000000000000000000000000000000000000000000000000000000000000000000000000000000         
0010001300010P 010296290000000178772 28509433347950000   7  220000000000000011605201700000000003540000000 02N1804201720000000000000000000002200000000000000000000000000000000000000000000000000000000000000000000000000000003000000090000000000 
0010001300011Q 012018785406000192WM REMOCOES LTDA - ME                   RUA JOSE ALEXANDRINO DE MORAES, 95      JD PATRICIA    08584090ITAQUAQUECETUBASP                                                        000                    00000000
0010001300012R 010000000000000000000000000000000000000000000000001160520170000000000007080000000000000000000000000000000000000000000000000000000000000000000000000000000000000000000000000000000000000000000000000000000000000000000000         
0010001300013P 010296290000000178772 28509430405440000   7  220000000000000010105201700000000000630000000 02N1804201720000000000000000000002200000000000000000000000000000000000000000000000000000000000000000000000000000003000000090000000000 
0010001300014Q 012019717778000144HOPF GESTAO EMPRESARIAL LTDA            SBS Q 02 - BLOCO E - SALA 206           ASA SUL        70070120BRASILIA       DF                                                        000                    00000000
0010001300015R 010000000000000000000000000000000000000000000000001010520170000000000001260000000000000000000000000000000000000000000000000000000000000000000000000000000000000000000000000000000000000000000000000000000000000000000000         
0010001300016P 010296290000000178772 28509430391660000   7  220000000000000010206201700000000001890000000 02N1804201720000000000000000000002200000000000000000000000000000000000000000000000000000000000000000000000000000003000000090000000000 
0010001300017Q 012007366929000188SILVIA GOMES ME                         LOTEAMENTO PRAIA DE IMBASSAI 71 14A     PRAIA DE IMBASS48287970MATA DE SAO JOABA                                                        000                    00000000
0010001300018R 010000000000000000000000000000000000000000000000001020620170000000000003780000000000000000000000000000000000000000000000000000000000000000000000000000000000000000000000000000000000000000000000000000000000000000000000         
0010001300019P 010296290000000178772 28509430409680000   7  220000000000000011505201700000000000630000000 02N1804201720000000000000000000002200000000000000000000000000000000000000000000000000000000000000000000000000000003000000090000000000 
0010001300020Q 012016927132000101LASB OFTALMO SERVICOS MEDICOS LTDA.     RUA IRENE RAMOS GOMES DE MATTOS,97      PINA           51011530RECIFE         PE                                                        000                    00000000
0010001300021R 010000000000000000000000000000000000000000000000001150520170000000000001260000000000000000000000000000000000000000000000000000000000000000000000000000000000000000000000000000000000000000000000000000000000000000000000         
0010001300022P 010296290000000178772 28509430409790000   7  220000000000000011405201700000000000630000000 02N1804201720000000000000000000002200000000000000000000000000000000000000000000000000000000000000000000000000000003000000090000000000 
0010001300023Q 012004182392000108MARIA RENI DE OLIVEIRA GAIA ME          RUA  ANTONIO JOSE BASTOS, 159           PARQUE REGINA  05775120SAO PAULO      SP                                                        000                    00000000
0010001300024R 010000000000000000000000000000000000000000000000001140520170000000000001260000000000000000000000000000000000000000000000000000000000000000000000000000000000000000000000000000000000000000000000000000000000000000000000         
0010001300025P 010296290000000178772 28509430409800000   7  220000000000000011405201700000000000630000000 02N1804201720000000000000000000002200000000000000000000000000000000000000000000000000000000000000000000000000000003000000090000000000 
0010001300026Q 012024709728000155STAINLE_SS - SISTEMAS E SERVICOS LTDA. -RUA CARLOS GOMES, 3492                  VILA YAMADA    14802165ARARAQUARA     SP                                                        000                    00000000
0010001300027R 010000000000000000000000000000000000000000000000001140520170000000000001260000000000000000000000000000000000000000000000000000000000000000000000000000000000000000000000000000000000000000000000000000000000000000000000         
0010001300028P 010296290000000178772 28509430409810000   7  220000000000000011405201700000000000630000000 02N1804201720000000000000000000002200000000000000000000000000000000000000000000000000000000000000000000000000000003000000090000000000 
0010001300029Q 012065924797000169CLAULMAR ELETRO ELETRONICA COM          RUA BARTOLOMEU RODRIGUES, 297           PARQUE SAO LUIZ02841090SAO PAULO      SP                                                        000                    00000000
0010001300030R 010000000000000000000000000000000000000000000000001140520170000000000001260000000000000000000000000000000000000000000000000000000000000000000000000000000000000000000000000000000000000000000000000000000000000000000000         
0010001300031P 010296290000000178772 28509430409820000   7  220000000000000011405201700000000000630000000 02N1804201720000000000000000000002200000000000000000000000000000000000000000000000000000000000000000000000000000003000000090000000000 
0010001300032Q 012019644875000154ASCERTY TECNOLOGIA EIRELI ME            AV DOS REMEDIOS, 613 SL 6               V REMEDIOS     06298004OSASCO         SP                                                        000                    00000000
0010001300033R 010000000000000000000000000000000000000000000000001140520170000000000001260000000000000000000000000000000000000000000000000000000000000000000000000000000000000000000000000000000000000000000000000000000000000000000000         
0010001300034P 010296290000000178772 28509430409830000   7  220000000000000011405201700000000000630000000 02N1804201720000000000000000000002200000000000000000000000000000000000000000000000000000000000000000000000000000003000000090000000000 
0010001300035Q 012022565625000133MULTIPLA ADM CORRETORA DE SEGUROS GERAISRUA VILACA 374 - SALA 316               CENTRO         12210902SAO JOSE DOS CASP                                                        000                    00000000
0010001300036R 010000000000000000000000000000000000000000000000001140520170000000000001260000000000000000000000000000000000000000000000000000000000000000000000000000000000000000000000000000000000000000000000000000000000000000000000         
0010001300037P 010296290000000178772 28509430409840000   7  220000000000000011905201700000000000630000000 02N1804201720000000000000000000002200000000000000000000000000000000000000000000000000000000000000000000000000000003000000090000000000 
0010001300038Q 012012145472000111MANGO INTERCAMBIOS                      AV. JOSE MONTEIRO DE FIQGUEIREDO        DUQUE DE CAXIAS78043300CUIABA         MT                                                        000                    00000000
0010001300039R 010000000000000000000000000000000000000000000000001190520170000000000001260000000000000000000000000000000000000000000000000000000000000000000000000000000000000000000000000000000000000000000000000000000000000000000000         
0010001300040P 010296290000000178772 28509430409850000   7  220000000000000011605201700000000000630000000 02N1804201720000000000000000000002200000000000000000000000000000000000000000000000000000000000000000000000000000003000000090000000000 
0010001300041Q 011000058426710930MARCO AURELIO SAMPAIO                   RUA VICTOR GABARDO 134                  UMBARA         81940260CURITIBA       PR                                                        000                    00000000
0010001300042R 010000000000000000000000000000000000000000000000001160520170000000000001260000000000000000000000000000000000000000000000000000000000000000000000000000000000000000000000000000000000000000000000000000000000000000000000         
0010001300043P 010296290000000178772 28509430409860000   7  220000000000000011705201700000000000630000000 02N1804201720000000000000000000002200000000000000000000000000000000000000000000000000000000000000000000000000000003000000090000000000 
0010001300044Q 011000033025426829FABIO MONTEFUSCOLO                      RUA PAUL HARRIS                         FABIO MONTEFUSC18130750SAO ROQUE      SP                                                        000                    00000000
0010001300045R 010000000000000000000000000000000000000000000000001170520170000000000001260000000000000000000000000000000000000000000000000000000000000000000000000000000000000000000000000000000000000000000000000000000000000000000000         
0010001300046P 010296290000000178772 28509430409870000   7  220000000000000011405201700000000000630000000 02N1804201720000000000000000000002200000000000000000000000000000000000000000000000000000000000000000000000000000003000000090000000000 
0010001300047Q 012017490724000163ROSSIANO R CASARIN & CIA LTDA           AV. VENANCIO AIRES 2275                 CENTRO         98803000SANTO ANGELO   RS                                                        000                    00000000
0010001300048R 010000000000000000000000000000000000000000000000001140520170000000000001260000000000000000000000000000000000000000000000000000000000000000000000000000000000000000000000000000000000000000000000000000000000000000000000         
0010001300049P 010296290000000178772 28509430409880000   7  220000000000000011505201700000000000630000000 02N1804201720000000000000000000002200000000000000000000000000000000000000000000000000000000000000000000000000000003000000090000000000 
0010001300050Q 012007414585000135PAULO C MOREIRA ORGANIZACAO E           RUA SACADURA CABRAL,117/906             GAMBOA         20081261RIO DE JANEIRO RJ                                                        000                    00000000
0010001300051R 010000000000000000000000000000000000000000000000001150520170000000000001260000000000000000000000000000000000000000000000000000000000000000000000000000000000000000000000000000000000000000000000000000000000000000000000         
0010001300052P 010296290000000178772 28509430409890000   7  220000000000000012005201700000000000630000000 02N1804201720000000000000000000002200000000000000000000000000000000000000000000000000000000000000000000000000000003000000090000000000 
0010001300053Q 012019236385000119CAROLINA DE L A SLEMER                  RUA OSCAR FREIRE                        PINHEIROS      05409010SAO PAULO      SP                                                        000                    00000000
0010001300054R 010000000000000000000000000000000000000000000000001200520170000000000001260000000000000000000000000000000000000000000000000000000000000000000000000000000000000000000000000000000000000000000000000000000000000000000000         
00100015         000056                                                                                                                                                                                                                         
00199999         000001000058                                                                                                                                                                                                                   
