00100000         296533310000140002850943001417019  0296290000000178772 CONTADOR AMIGO LTDA. - ME     BANCO DO BRASIL S.A                     118042017170423000000000                                                                          
00100011R01  000 2096533310000140002850943001417019  0296290000000178772 CONTADOR AMIGO LTDA. - ME                                                                                     0000000018042017                                         
0010001300001P 010296290000000178772 28509430384460000   7  220000000000000011804201700000000001927600000 02N1804201720000000000000000000002200000000000000000000000000000000000000000000000000000000000000000000000000000003000000090000000000 
0010001300002Q 012015092045000100DEBORA APARECIDA FERREIRA               RUA JOAO PERES FUENTES 117 - 4          JD SAO MIGUEL  12903570BRAGANCA PAULISSP                                                        000                    00000000
0010001300003R 010000000000000000000000000000000000000000000000000000000000000000000000000000000000000000000000000000000000000000000000000000000000000000000000000000000000000000000000000000000000000000000000000000000000000000000000         
0010001300004P 010296290000000178772 28509431410300000   7  220000000000000011804201700000000000630000000 02N1804201730000000000000000000000000000000000000000000000000000000000000000000000000000000000000000000000000000003000000090000000000 
0010001300005Q 012012892839000160CARLOS ROFRANDSON CAMPOS ROSA           RUA CORREIA DE ARAUJO, 400              LIBERDADE      65035100SAO LUIS       MA                                                        000                    00000000
0010001300006R 010000000000000000000000000000000000000000000000000000000000000000000000000000000000000000000000000000000000000000000000000000000000000000000000000000000000000000000000000000000000000000000000000000000000000000000000         
0010001300007P 010296290000000178772 28509439016360000   7  220000000000000012004201700000000000630000000 02N1804201730000000000000000000002200000000000000000000000000000000000000000000000000000000000000000000000000000003000000090000000000 
0010001300008Q 012021425867000169ANA LAURA DE LARA ARDAIA ME             RUA MAJOR GAMA 645                      CENTRO         78020170CUIABA         MT                                                        000                    00000000
0010001300009R 010000000000000000000000000000000000000000000000000000000000000000000000000000000000000000000000000000000000000000000000000000000000000000000000000000000000000000000000000000000000000000000000000000000000000000000000         
00100015         000011                                                                                                                                                                                                                         
00199999         000001000013                                                                                                                                                                                                                   
