00100000         296533310000140002850943001417019  0296290000000178772 CONTADOR AMIGO LTDA. - ME     BANCO DO BRASIL S.A                     119042017170410000000000                                                                          
00100011R01  000 2096533310000140002850943001417019  0296290000000178772 CONTADOR AMIGO LTDA. - ME                                                                                     0000000019042017                                         
0010001300001P 010296290000000178772 28509434347950000   7  220000000000000011605201700000000003540000000 02N1904201720000000000000000000002200000000000000000000000000000000000000000000000000000000000000000000000000000003000000090000000000 
0010001300002Q 012018785406000192WM REMOCOES LTDA - ME                   RUA JOSE ALEXANDRINO DE MORAES, 95      JD PATRICIA    08584090ITAQUAQUECETUBASP                                                        000                    00000000
0010001300003R 010000000000000000000000000000000000000000000000001160520170000000000007080000000000000000000000000000000000000000000000000000000000000000000000000000000000000000000000000000000000000000000000000000000000000000000000         
0010001300004P 010296290000000178772 28509430406390000   7  220000000000000010305201700000000000630000000 02N1904201720000000000000000000002200000000000000000000000000000000000000000000000000000000000000000000000000000003000000090000000000 
0010001300005Q 011000027084795553EDUARDO PEDREIRA                        AVENIDA DAS AMERICAS 13600, BLOCO 4 APTORECREIO DOS BAN22790702RIO DE JANEIRO RJ                                                        000                    00000000
0010001300006R 010000000000000000000000000000000000000000000000001030520170000000000001260000000000000000000000000000000000000000000000000000000000000000000000000000000000000000000000000000000000000000000000000000000000000000000000         
0010001300007P 010296290000000178772 28509430406400000   7  220000000000000010305201700000000000630000000 02N1904201720000000000000000000002200000000000000000000000000000000000000000000000000000000000000000000000000000003000000090000000000 
0010001300008Q 012013743883000171USER TECNOLOGIA DA INFORMACAO & COMUNICARICARDO SANTOS, NUMERO 82               MUTUA          24461150SAO GONCALO    RJ                                                        000                    00000000
0010001300009R 010000000000000000000000000000000000000000000000001030520170000000000001260000000000000000000000000000000000000000000000000000000000000000000000000000000000000000000000000000000000000000000000000000000000000000000000         
0010001300010P 010296290000000178772 28509430407540000   7  220000000000000011105201700000000000630000000 02N1904201720000000000000000000002200000000000000000000000000000000000000000000000000000000000000000000000000000003000000090000000000 
0010001300011Q 011000022864933837EVANDRO MARQUES                         ALAMEDA EDUARDO PRADO                   CAMPOS ELISEOS 01218010SAO PAULO      SP                                                        000                    00000000
0010001300012R 010000000000000000000000000000000000000000000000001110520170000000000001260000000000000000000000000000000000000000000000000000000000000000000000000000000000000000000000000000000000000000000000000000000000000000000000         
0010001300013P 010296290000000178772 28509430409720000   7  220000000000000011205201700000000000630000000 02N1904201720000000000000000000002200000000000000000000000000000000000000000000000000000000000000000000000000000003000000090000000000 
0010001300014Q 012021425867000169ANA LAURA DE LARA ARDAIA ME             RUA MAJOR GAMA 645                      CENTRO         78020170CUIABA         MT                                                        000                    00000000
0010001300015R 010000000000000000000000000000000000000000000000001120520170000000000001260000000000000000000000000000000000000000000000000000000000000000000000000000000000000000000000000000000000000000000000000000000000000000000000         
0010001300016P 010296290000000178772 28509430410610000   7  220000000000000011605201700000000000630000000 02N1904201720000000000000000000002200000000000000000000000000000000000000000000000000000000000000000000000000000003000000090000000000 
0010001300017Q 012005878745000171CARLOS DE OLIVEIRA VALERIO INFORMATICA  RUA SIQUEIRA BUENO, 1162                BELENZINHO     03172010SAO PAULO      SP                                                        000                    00000000
0010001300018R 010000000000000000000000000000000000000000000000001160520170000000000001260000000000000000000000000000000000000000000000000000000000000000000000000000000000000000000000000000000000000000000000000000000000000000000000         
0010001300019P 010296290000000178772 28509430410620000   7  220000000000000011605201700000000000630000000 02N1904201720000000000000000000002200000000000000000000000000000000000000000000000000000000000000000000000000000003000000090000000000 
0010001300020Q 012013970148000109RENIVALDO PEREIRA BARBOSA MANUTENCAO    RUA FALCHI GIANINI, 1107                VILA PRUDENTE  03136040SAO PAULO      SP                                                        000                    00000000
0010001300021R 010000000000000000000000000000000000000000000000001160520170000000000001260000000000000000000000000000000000000000000000000000000000000000000000000000000000000000000000000000000000000000000000000000000000000000000000         
0010001300022P 010296290000000178772 28509430410630000   7  220000000000000011805201700000000000630000000 02N1904201720000000000000000000002200000000000000000000000000000000000000000000000000000000000000000000000000000003000000090000000000 
0010001300023Q 011000081701349868JULIO JOSE ARAUJO                       RUA OLIVEIRA ALVES, 400  APTO 73        IPIRANGA       04210060SAO PAULO      SP                                                        000                    00000000
0010001300024R 010000000000000000000000000000000000000000000000001180520170000000000001260000000000000000000000000000000000000000000000000000000000000000000000000000000000000000000000000000000000000000000000000000000000000000000000         
0010001300025P 010296290000000178772 28509430410640000   7  220000000000000011705201700000000000630000000 02N1904201720000000000000000000002200000000000000000000000000000000000000000000000000000000000000000000000000000003000000090000000000 
0010001300026Q 012016863651000145BB DESENVOLVIMENTO DE SISTEMAS EIRELI - RUA DR LAURO PIMENTEL, 433              CIDADE UNIVERSI13083250CAMPINAS       SP                                                        000                    00000000
0010001300027R 010000000000000000000000000000000000000000000000001170520170000000000001260000000000000000000000000000000000000000000000000000000000000000000000000000000000000000000000000000000000000000000000000000000000000000000000         
0010001300028P 010296290000000178772 28509430410650000   7  220000000000000011905201700000000000630000000 02N1904201720000000000000000000002200000000000000000000000000000000000000000000000000000000000000000000000000000003000000090000000000 
0010001300029Q 012002714127000106SECKLERBELL COMERCIAL LTDA              R. ROBERTO DUARTE RIBAS, 97 CJ 52       VL. LIVIEIRO   04185190SAO PAULO      SP                                                        000                    00000000
0010001300030R 010000000000000000000000000000000000000000000000001190520170000000000001260000000000000000000000000000000000000000000000000000000000000000000000000000000000000000000000000000000000000000000000000000000000000000000000         
0010001300031P 010296290000000178772 28509430410660000   7  220000000000000011805201700000000000630000000 02N1904201720000000000000000000002200000000000000000000000000000000000000000000000000000000000000000000000000000003000000090000000000 
0010001300032Q 012014144258000176ADJ ASSESSORIA FINANCEIRA               AV MARECHAL MASCARENHAS DE MORAES       BENTO FERREIRA 29050667VITORIA        ES                                                        000                    00000000
0010001300033R 010000000000000000000000000000000000000000000000001180520170000000000001260000000000000000000000000000000000000000000000000000000000000000000000000000000000000000000000000000000000000000000000000000000000000000000000         
0010001300034P 010296290000000178772 28509430410670000   7  220000000000000012305201700000000000630000000 02N1904201720000000000000000000002200000000000000000000000000000000000000000000000000000000000000000000000000000003000000090000000000 
0010001300035Q 012074589615000131RL MIX AUDIOGRAVACAO E EDUCACAO         AV. BRIG. FARIA LIMA 1616 CJ 1002       JARDIM PAULISTA01451001SAO PAULO      SP                                                        000                    00000000
0010001300036R 010000000000000000000000000000000000000000000000001230520170000000000001260000000000000000000000000000000000000000000000000000000000000000000000000000000000000000000000000000000000000000000000000000000000000000000000         
0010001300037P 010296290000000178772 28509430410680000   7  220000000000000012305201700000000000630000000 02N1904201720000000000000000000002200000000000000000000000000000000000000000000000000000000000000000000000000000003000000090000000000 
0010001300038Q 011000009225082835MARCIO LUIS DE AGUIAR                   RUA JOAO THOMAZINI, 165                 JARDIM MEXICO  13253430ITATIBA        SP                                                        000                    00000000
0010001300039R 010000000000000000000000000000000000000000000000001230520170000000000001260000000000000000000000000000000000000000000000000000000000000000000000000000000000000000000000000000000000000000000000000000000000000000000000         
0010001300040P 010296290000000178772 28509430410690000   7  220000000000000012005201700000000000630000000 02N1904201720000000000000000000002200000000000000000000000000000000000000000000000000000000000000000000000000000003000000090000000000 
0010001300041Q 011000005992473718MARCO JOSE DA GLORIA MENDES             CAIXA POSTAL, N  525                    IBES           29108973VILA VELHA     ES                                                        000                    00000000
0010001300042R 010000000000000000000000000000000000000000000000001200520170000000000001260000000000000000000000000000000000000000000000000000000000000000000000000000000000000000000000000000000000000000000000000000000000000000000000         
0010001300043P 010296290000000178772 28509435347950000   7  220000000000000011605201700000000003540000000 02N1904201720000000000000000000002200000000000000000000000000000000000000000000000000000000000000000000000000000003000000090000000000 
0010001300044Q 012018785406000192WM REMOCOES LTDA - ME                   RUA JOSE ALEXANDRINO DE MORAES, 95      JD PATRICIA    08584090ITAQUAQUECETUBASP                                                        000                    00000000
0010001300045R 010000000000000000000000000000000000000000000000001160520170000000000007080000000000000000000000000000000000000000000000000000000000000000000000000000000000000000000000000000000000000000000000000000000000000000000000         
0010001300046P 010296290000000178772 28509430395180000   7  220000000000000011904201700000000000652800000 02N1904201720000000000000000000002200000000000000000000000000000000000000000000000000000000000000000000000000000003000000090000000000 
0010001300047Q 012007604211000182ANA FLAVIA CORDEIRO & CIA LTDA - ME     RUA ANTONIA BRAGA, 20                   VILA OPERARIA  35519000NOVA SERRANA   MG                                                        000                    00000000
0010001300048R 010000000000000000000000000000000000000000000000000000000000000000000000000000000000000000000000000000000000000000000000000000000000000000000000000000000000000000000000000000000000000000000000000000000000000000000000         
0010001300049P 010296290000000178772 28509430410960000   7  220000000000000011904201700000000000000000000 02N1904201720000000000000000000002200000000000000000000000000000000000000000000000000000000000000000000000000000003000000090000000000 
0010001300050Q 012016589472000161CJ DA SILVA RASPADORA                   RUA JOAO DOMINGUES, 148                 JD. MARIA ROSA 06763310TABOAO DA SERRASP                                                        000                    00000000
0010001300051R 010000000000000000000000000000000000000000000000001190420170000000000000000000000000000000000000000000000000000000000000000000000000000000000000000000000000000000000000000000000000000000000000000000000000000000000000         
00100015         000053                                                                                                                                                                                                                         
00199999         000001000055                                                                                                                                                                                                                   
