00100000         296533310000140002850943001417019  0296290000000178772 CONTADOR AMIGO LTDA. - ME     BANCO DO BRASIL S.A                     119042017170428000000000                                                                          
00100011R01  000 2096533310000140002850943001417019  0296290000000178772 CONTADOR AMIGO LTDA. - ME                                                                                     0000000019042017                                         
0010001300001P 010296290000000178772 28509431410960000   7  220000000000000011904201700000000000630000000 02N1904201720000000000000000000002200000000000000000000000000000000000000000000000000000000000000000000000000000003000000090000000000 
0010001300002Q 012016589472000161CJ DA SILVA RASPADORA                   RUA JOAO DOMINGUES, 148                 JD. MARIA ROSA 06763310TABOAO DA SERRASP                                                        000                    00000000
0010001300003R 010000000000000000000000000000000000000000000000001190420170000000000001260000000000000000000000000000000000000000000000000000000000000000000000000000000000000000000000000000000000000000000000000000000000000000000000         
00100015         000005                                                                                                                                                                                                                         
00199999         000001000007                                                                                                                                                                                                                   
