00100000         296533310000140002850943001417019  0296290000000178772 CONTADOR AMIGO LTDA. - ME     BANCO DO BRASIL S.A                     120042017170452000000000                                                                          
00100011R01  000 2096533310000140002850943001417019  0296290000000178772 CONTADOR AMIGO LTDA. - ME                                                                                     0000000020042017                                         
0010001300001P 010296290000000178772 28509436347950000   7  220000000000000011605201700000000003540000000 02N2004201720000000000000000000002200000000000000000000000000000000000000000000000000000000000000000000000000000003000000090000000000 
0010001300002Q 012018785406000192WM REMOCOES LTDA - ME                   RUA JOSE ALEXANDRINO DE MORAES, 95      JD PATRICIA    08584090ITAQUAQUECETUBASP                                                        000                    00000000
0010001300003R 010000000000000000000000000000000000000000000000001160520170000000000007080000000000000000000000000000000000000000000000000000000000000000000000000000000000000000000000000000000000000000000000000000000000000000000000         
0010001300004P 010296290000000178772 28509430409150000   7  220000000000000010905201700000000000630000000 02N2004201720000000000000000000002200000000000000000000000000000000000000000000000000000000000000000000000000000003000000090000000000 
0010001300005Q 012021984849000117A. MOREIRA LIMA SOCIEDADE DE ADVOGADOS  ALAMEDA SANTOS, 200 - 1  ANDAR          BELA VISTA     01418000SAO PAULO      SP                                                        000                    00000000
0010001300006R 010000000000000000000000000000000000000000000000001090520170000000000001260000000000000000000000000000000000000000000000000000000000000000000000000000000000000000000000000000000000000000000000000000000000000000000000         
0010001300007P 010296290000000178772 28509430409710000   7  220000000000000011205201700000000000630000000 02N2004201720000000000000000000002200000000000000000000000000000000000000000000000000000000000000000000000000000003000000090000000000 
0010001300008Q 012017438895000143LUIZ FERNANDO ALVES BARBOSA             CONSELHEIRO JOAO ALFREDO, 349 CASA 02   MACUCO         11015220SANTOS         SP                                                        000                    00000000
0010001300009R 010000000000000000000000000000000000000000000000001120520170000000000001260000000000000000000000000000000000000000000000000000000000000000000000000000000000000000000000000000000000000000000000000000000000000000000000         
0010001300010P 010296290000000178772 28509431409720000   7  220000000000000011205201700000000001260000000 02N2004201720000000000000000000002200000000000000000000000000000000000000000000000000000000000000000000000000000003000000090000000000 
0010001300011Q 012021425867000169ANA LAURA DE LARA ARDAIA ME             RUA MAJOR GAMA 645                      CENTRO         78020170CUIABA         MT                                                        000                    00000000
0010001300012R 010000000000000000000000000000000000000000000000001120520170000000000002520000000000000000000000000000000000000000000000000000000000000000000000000000000000000000000000000000000000000000000000000000000000000000000000         
0010001300013P 010296290000000178772 28509430411000000   7  220000000000000011905201700000000000630000000 02N2004201720000000000000000000002200000000000000000000000000000000000000000000000000000000000000000000000000000003000000090000000000 
0010001300014Q 012016589472000161CJ DA SILVA RASPADORA                   RUA JOAO DOMINGUES, 148                 JD. MARIA ROSA 06763310TABOAO DA SERRASP                                                        000                    00000000
0010001300015R 010000000000000000000000000000000000000000000000001190520170000000000001260000000000000000000000000000000000000000000000000000000000000000000000000000000000000000000000000000000000000000000000000000000000000000000000         
0010001300016P 010296290000000178772 28509430411010000   7  220000000000000011805201700000000000630000000 02N2004201720000000000000000000002200000000000000000000000000000000000000000000000000000000000000000000000000000003000000090000000000 
0010001300017Q 012012892839000160CARLOS ROFRANDSON CAMPOS ROSA           RUA CORREIA DE ARAUJO, 400              LIBERDADE      65035100SAO LUIS       MA                                                        000                    00000000
0010001300018R 010000000000000000000000000000000000000000000000001180520170000000000001260000000000000000000000000000000000000000000000000000000000000000000000000000000000000000000000000000000000000000000000000000000000000000000000         
0010001300019P 010296290000000178772 28509430411210000   7  220000000000000011405201700000000000630000000 02N2004201720000000000000000000002200000000000000000000000000000000000000000000000000000000000000000000000000000003000000090000000000 
0010001300020Q 012007995896000135LEVBERNI CONSULTORIA                    RUA QUINZE DE SETEMBRO, 73              SAUDE          04053070SAO PAULO      SP                                                        000                    00000000
0010001300021R 010000000000000000000000000000000000000000000000001140520170000000000001260000000000000000000000000000000000000000000000000000000000000000000000000000000000000000000000000000000000000000000000000000000000000000000000         
0010001300022P 010296290000000178772 28509430411230000   7  220000000000000011405201700000000000630000000 02N2004201720000000000000000000002200000000000000000000000000000000000000000000000000000000000000000000000000000003000000090000000000 
0010001300023Q 012007604211000182ANA FLAVIA CORDEIRO & CIA LTDA - ME     RUA ANTONIA BRAGA, 20                   VILA OPERARIA  35519000NOVA SERRANA   MG                                                        000                    00000000
0010001300024R 010000000000000000000000000000000000000000000000001140520170000000000001260000000000000000000000000000000000000000000000000000000000000000000000000000000000000000000000000000000000000000000000000000000000000000000000         
0010001300025P 010296290000000178772 28509439016640000   7  220000000000000012504201700000000004000000000 02N2004201720000000000000000000002200000000000000000000000000000000000000000000000000000000000000000000000000000003000000090000000000 
0010001300026Q 012019813841000146EDUKETER - TREINAMENTO E DESEN          R DAS AROEIRAS                          CH FLORA       13306654ITU            SP                                                        000                    00000000
0010001300027R 010000000000000000000000000000000000000000000000000000000000000000000000000000000000000000000000000000000000000000000000000000000000000000000000000000000000000000000000000000000000000000000000000000000000000000000000         
00100015         000029                                                                                                                                                                                                                         
00199999         000001000031                                                                                                                                                                                                                   
