00100000         296533310000140002850943001417019  0296290000000178772 CONTADOR AMIGO LTDA. - ME     BANCO DO BRASIL S.A                     124042017170442000000000                                                                          
00100011R01  000 2096533310000140002850943001417019  0296290000000178772 CONTADOR AMIGO LTDA. - ME                                                                                     0000000024042017                                         
0010001300001P 010296290000000178772 28509430398420000   7  220000000000000012404201700000000000650600000 02N2404201720000000000000000000002200000000000000000000000000000000000000000000000000000000000000000000000000000003000000090000000000 
0010001300002Q 012007941684000175JPPAVAGEAU TURISMO ME                   RUA CASSIA                              BARAO GERALDO  13083290CAMPINAS       SP                                                        000                    00000000
0010001300003R 010000000000000000000000000000000000000000000000000000000000000000000000000000000000000000000000000000000000000000000000000000000000000000000000000000000000000000000000000000000000000000000000000000000000000000000000         
0010001300004P 010296290000000178772 28509439016770000   7  220000000000000012604201700000000000630000000 02N2404201720000000000000000000002200000000000000000000000000000000000000000000000000000000000000000000000000000003000000090000000000 
0010001300005Q 012022684705000108DANIEL ANTUNES PAIVA ITAPETININGA ME    RUA ANTONIO AVELINO DA COSTA, 321       VILA VENDRAMINI18213300ITAPETININGA   SP                                                        000                    00000000
0010001300006R 010000000000000000000000000000000000000000000000000000000000000000000000000000000000000000000000000000000000000000000000000000000000000000000000000000000000000000000000000000000000000000000000000000000000000000000000         
0010001300007P 010296290000000178772 28509430400340000   7  220000000000000012504201700000000000630000000 02N2404201730000000000000000000000000000000000000000000000000000000000000000000000000000000000000000000000000000003000000090000000000 
0010001300008Q 012006307440000172SIVNAT SERVICOS DE INFORMATICA          AV. DR. JOAO GUIMARAES, 377             JARDIM TABOAO  05741190SAO PAULO      SP                                                        000                    00000000
0010001300009R 010000000000000000000000000000000000000000000000000000000000000000000000000000000000000000000000000000000000000000000000000000000000000000000000000000000000000000000000000000000000000000000000000000000000000000000000         
00100015         000011                                                                                                                                                                                                                         
00199999         000001000013                                                                                                                                                                                                                   
