00100000         296533310000140002850943001417019  0296290000000178772 CONTADOR AMIGO LTDA. - ME     BANCO DO BRASIL S.A                     125042017090442000000000                                                                          
00100011R01  000 2096533310000140002850943001417019  0296290000000178772 CONTADOR AMIGO LTDA. - ME                                                                                     0000000025042017                                         
0010001300001P 010296290000000178772 28509430400530000   7  220000000000000012604201700000000000630000000 02N2504201720000000000000000000002200000000000000000000000000000000000000000000000000000000000000000000000000000003000000090000000000 
0010001300002Q 012026176380000103P.MATTOS SERVICOS MEDICOS S/S           R PROFESSOR PEDRO VIRIATO PARIGOT DE SOUCIC            81280330CURITIBA       PR                                                        000                    00000000
0010001300003R 010000000000000000000000000000000000000000000000001260420170000000000001260000000000000000000000000000000000000000000000000000000000000000000000000000000000000000000000000000000000000000000000000000000000000000000000         
0010001300004P 010296290000000178772 28509430411710000   7  220000000000000012505201700000000001060000000 02N2504201720000000000000000000002200000000000000000000000000000000000000000000000000000000000000000000000000000003000000090000000000 
0010001300005Q 012004904390000185ASSOCIACAO PROJETO BRASILEIRO DE DANCA  RUA SANTA CLARA, 378                    JARDIM SANTA RI09941270SAO PAULO      SP                                                        000                    00000000
0010001300006R 010000000000000000000000000000000000000000000000001250520170000000000002120000000000000000000000000000000000000000000000000000000000000000000000000000000000000000000000000000000000000000000000000000000000000000000000         
0010001300007P 010296290000000178772 28509431405600000   7  220000000000000010705201700000000001260000000 02N2504201720000000000000000000002200000000000000000000000000000000000000000000000000000000000000000000000000000003000000090000000000 
0010001300008Q 012018252150000158FLORISVALDO DE JESUS JUNIOR ME          RUA JOSE OTAVIO FONTANETTI              DALLA COSTA    13609530ARARAS         SP                                                        000                    00000000
0010001300009R 010000000000000000000000000000000000000000000000001070520170000000000002520000000000000000000000000000000000000000000000000000000000000000000000000000000000000000000000000000000000000000000000000000000000000000000000         
0010001300010P 010296290000000178772 28509430407510000   7  220000000000000010605201700000000000630000000 02N2504201720000000000000000000002200000000000000000000000000000000000000000000000000000000000000000000000000000003000000090000000000 
0010001300011Q 012000472236000120PAULO IVO SILVA                         RUA FREI MELCHIOR 117 AP1               JARDIM SAO PAUL02041060SAO PAULO      SP                                                        000                    00000000
0010001300012R 010000000000000000000000000000000000000000000000001060520170000000000001260000000000000000000000000000000000000000000000000000000000000000000000000000000000000000000000000000000000000000000000000000000000000000000000         
0010001300013P 010296290000000178772 28509430410540000   7  220000000000000011305201700000000000630000000 02N2504201720000000000000000000002200000000000000000000000000000000000000000000000000000000000000000000000000000003000000090000000000 
0010001300014Q 012008800944000155COSTA                                   RUA GERMANIA, 718                       PARQUE NOVO ORA09260250SANTO ANDRE    SP                                                        000                    00000000
0010001300015R 010000000000000000000000000000000000000000000000001130520170000000000001260000000000000000000000000000000000000000000000000000000000000000000000000000000000000000000000000000000000000000000000000000000000000000000000         
0010001300016P 010296290000000178772 28509430410580000   7  220000000000000011305201700000000000630000000 02N2504201720000000000000000000002200000000000000000000000000000000000000000000000000000000000000000000000000000003000000090000000000 
0010001300017Q 012018644292000160ANTONIO CARLOS IBANHES PAES - ME        R. JOSE RABELO LEITE, 400               SANTA ROSA     78040265CUIABA         MT                                                        000                    00000000
0010001300018R 010000000000000000000000000000000000000000000000001130520170000000000001260000000000000000000000000000000000000000000000000000000000000000000000000000000000000000000000000000000000000000000000000000000000000000000000         
0010001300019P 010296290000000178772 28509430412450000   7  220000000000000012005201700000000000630000000 02N2504201720000000000000000000002200000000000000000000000000000000000000000000000000000000000000000000000000000003000000090000000000 
0010001300020Q 012007941684000175JPPAVAGEAU TURISMO ME                   RUA CASSIA                              BARAO GERALDO  13083290CAMPINAS       SP                                                        000                    00000000
0010001300021R 010000000000000000000000000000000000000000000000001200520170000000000001260000000000000000000000000000000000000000000000000000000000000000000000000000000000000000000000000000000000000000000000000000000000000000000000         
0010001300022P 010296290000000178772 28509430412670000   7  220000000000000012205201700000000000630000000 02N2504201720000000000000000000002200000000000000000000000000000000000000000000000000000000000000000000000000000003000000090000000000 
0010001300023Q 012020048243000107RITA MARIA BRAGA RIBEIRO KALUF1293298387RUA PERCILIO NETO 167 APTO 84 B         VILA GUMERCINDO04131080SAO PAULO      SP                                                        000                    00000000
0010001300024R 010000000000000000000000000000000000000000000000001220520170000000000001260000000000000000000000000000000000000000000000000000000000000000000000000000000000000000000000000000000000000000000000000000000000000000000000         
0010001300025P 010296290000000178772 28509430412860000   7  220000000000000011905201700000000000630000000 02N2504201720000000000000000000002200000000000000000000000000000000000000000000000000000000000000000000000000000003000000090000000000 
0010001300026Q 012020380613000109DANIEL RAHAL MARTINS BARBOSA SERVICOS   RUA AIMBERE 1893                        SUMARE         01258020SAO PAULO      SP                                                        000                    00000000
0010001300027R 010000000000000000000000000000000000000000000000001190520170000000000001260000000000000000000000000000000000000000000000000000000000000000000000000000000000000000000000000000000000000000000000000000000000000000000000         
0010001300028P 010296290000000178772 28509430412910000   7  220000000000000012105201700000000000630000000 02N2504201720000000000000000000002200000000000000000000000000000000000000000000000000000000000000000000000000000003000000090000000000 
0010001300029Q 012017150507000124FERNANDO DAVID LEITE ME                 RUA FAZENDA MONTE ALEGRE, 107           PIRITUBA       05160060SAO PAULO      SP                                                        000                    00000000
0010001300030R 010000000000000000000000000000000000000000000000001210520170000000000001260000000000000000000000000000000000000000000000000000000000000000000000000000000000000000000000000000000000000000000000000000000000000000000000         
0010001300031P 010296290000000178772 28509430412920000   7  220000000000000012205201700000000000630000000 02N2504201720000000000000000000002200000000000000000000000000000000000000000000000000000000000000000000000000000003000000090000000000 
0010001300032Q 012010867998000180DT COMUNICACAO DIGITAL EPP - LTDA       RUA PREFEITO DANIEL PORTELA, 554        JARDIM IZABEL  87309180CAMPO MOURAO   PR                                                        000                    00000000
0010001300033R 010000000000000000000000000000000000000000000000001220520170000000000001260000000000000000000000000000000000000000000000000000000000000000000000000000000000000000000000000000000000000000000000000000000000000000000000         
0010001300034P 010296290000000178772 28509430412930000   7  220000000000000012405201700000000000630000000 02N2504201720000000000000000000002200000000000000000000000000000000000000000000000000000000000000000000000000000003000000090000000000 
0010001300035Q 011000005707454705RAPHAEL CARDOSO MOTA PEREIRA            RUA CEL. FRANCISO MOREIRA DA COSTA, 31 -CENTRO         37540000SANTA RITA DO SMG                                                        000                    00000000
0010001300036R 010000000000000000000000000000000000000000000000001240520170000000000001260000000000000000000000000000000000000000000000000000000000000000000000000000000000000000000000000000000000000000000000000000000000000000000000         
0010001300037P 010296290000000178772 28509430412940000   7  220000000000000012605201700000000000630000000 02N2504201720000000000000000000002200000000000000000000000000000000000000000000000000000000000000000000000000000003000000090000000000 
0010001300038Q 012026176380000103P.MATTOS SERVICOS MEDICOS S/S           R PROFESSOR PEDRO VIRIATO PARIGOT DE SOUCIC            81280330CURITIBA       PR                                                        000                    00000000
0010001300039R 010000000000000000000000000000000000000000000000001260520170000000000001260000000000000000000000000000000000000000000000000000000000000000000000000000000000000000000000000000000000000000000000000000000000000000000000         
0010001300040P 010296290000000178772 28509430412950000   7  220000000000000012505201700000000000630000000 02N2504201720000000000000000000002200000000000000000000000000000000000000000000000000000000000000000000000000000003000000090000000000 
0010001300041Q 012017839113000188NELY BACIC CAVALCANTE - ME              RUA CROATA, 451 APTO 41                 VILA IPOJUCA   05056020SAO PAULO      SP                                                        000                    00000000
0010001300042R 010000000000000000000000000000000000000000000000001250520170000000000001260000000000000000000000000000000000000000000000000000000000000000000000000000000000000000000000000000000000000000000000000000000000000000000000         
0010001300043P 010296290000000178772 28509430412960000   7  220000000000000012805201700000000000630000000 02N2504201720000000000000000000002200000000000000000000000000000000000000000000000000000000000000000000000000000003000000090000000000 
0010001300044Q 012014081841000185SUPERBLUE SERVICOS DE FOTOGRAFIA LTDA - RUA HUMBERTO DE CAMPOS, 827/331         LEBLON         22430190RIO DE JANEIRO RJ                                                        000                    00000000
0010001300045R 010000000000000000000000000000000000000000000000001280520170000000000001260000000000000000000000000000000000000000000000000000000000000000000000000000000000000000000000000000000000000000000000000000000000000000000000         
00100015         000047                                                                                                                                                                                                                         
00199999         000001000049                                                                                                                                                                                                                   
