00100000         296533310000140002850943001417019  0296290000000178772 CONTADOR AMIGO LTDA. - ME     BANCO DO BRASIL S.A                     125042017160427000000000                                                                          
00100011R01  000 2096533310000140002850943001417019  0296290000000178772 CONTADOR AMIGO LTDA. - ME                                                                                     0000000025042017                                         
0010001300001P 010296290000000178772 28509431360700000   7  220000000000000012504201700000000002004600000 02N2504201720000000000000000000002200000000000000000000000000000000000000000000000000000000000000000000000000000003000000090000000000 
0010001300002Q 012019892084000143XVI CONSULTORIA TREINAMENTO E DESENVOLVIAV LIGIA LATUF SALOMAO 375              JD JOAO ROSSI  14026520RIBEIRAO PRETO SP                                                        000                    00000000
0010001300003R 010000000000000000000000000000000000000000000000000000000000000000000000000000000000000000000000000000000000000000000000000000000000000000000000000000000000000000000000000000000000000000000000000000000000000000000000         
0010001300004P 010296290000000178772 28509430413470000   7  220000000000000012504201700000000000630000000 02N2504201720000000000000000000002200000000000000000000000000000000000000000000000000000000000000000000000000000003000000090000000000 
0010001300005Q 012009127996000175 TATICA LNS PROMOCOES E EVENTO          R CARLOS PALUT 426 / BL 9 / APT 408     TAQUARA        22710310RIO DE JANEIRO RJ                                                        000                    00000000
0010001300006R 010000000000000000000000000000000000000000000000001250420170000000000001260000000000000000000000000000000000000000000000000000000000000000000000000000000000000000000000000000000000000000000000000000000000000000000000         
0010001300007P 010296290000000178772 28509430413490000   7  220000000000000012504201700000000000630000000 02N2504201720000000000000000000002200000000000000000000000000000000000000000000000000000000000000000000000000000003000000090000000000 
0010001300008Q 012013538197000169THREE STONES SOLUCOES TECNOLOGICAS LTDA-RUA FILOMENA FIUZA DE OLIVEIRA, 46      JD DOS BICHINHO04821360SAO PAULO      SP                                                        000                    00000000
0010001300009R 010000000000000000000000000000000000000000000000001250420170000000000001260000000000000000000000000000000000000000000000000000000000000000000000000000000000000000000000000000000000000000000000000000000000000000000000         
00100015         000011                                                                                                                                                                                                                         
00199999         000001000013                                                                                                                                                                                                                   
