00100000         296533310000140002850943001417019  0296290000000178772 CONTADOR AMIGO LTDA. - ME     BANCO DO BRASIL S.A                     126042017110441000000000                                                                          
00100011R01  000 2096533310000140002850943001417019  0296290000000178772 CONTADOR AMIGO LTDA. - ME                                                                                     0000000026042017                                         
0010001300001P 010296290000000178772 28509432360700000   7  220000000000000012604201700000000002006800000 02N2604201720000000000000000000002200000000000000000000000000000000000000000000000000000000000000000000000000000003000000090000000000 
0010001300002Q 012019892084000143XVI CONSULTORIA TREINAMENTO E DESENVOLVIAV LIGIA LATUF SALOMAO 375              JD JOAO ROSSI  14026520RIBEIRAO PRETO SP                                                        000                    00000000
0010001300003R 010000000000000000000000000000000000000000000000000000000000000000000000000000000000000000000000000000000000000000000000000000000000000000000000000000000000000000000000000000000000000000000000000000000000000000000000         
0010001300004P 010296290000000178772 28509430411260000   7  220000000000000012505201700000000000630000000 02N2604201720000000000000000000002200000000000000000000000000000000000000000000000000000000000000000000000000000003000000090000000000 
0010001300005Q 012013538197000169THREE STONES SOLUCOES TECNOLOGICAS LTDA-RUA FILOMENA FIUZA DE OLIVEIRA, 46      JD DOS BICHINHO04821360SAO PAULO      SP                                                        000                    00000000
0010001300006R 010000000000000000000000000000000000000000000000001250520170000000000001260000000000000000000000000000000000000000000000000000000000000000000000000000000000000000000000000000000000000000000000000000000000000000000000         
0010001300007P 010296290000000178772 28509430412850000   7  220000000000000011905201700000000000630000000 02N2604201720000000000000000000002200000000000000000000000000000000000000000000000000000000000000000000000000000003000000090000000000 
0010001300008Q 012022684705000108DANIEL ANTUNES PAIVA ITAPETININGA ME    RUA ANTONIO AVELINO DA COSTA, 321       VILA VENDRAMINI18213300ITAPETININGA   SP                                                        000                    00000000
0010001300009R 010000000000000000000000000000000000000000000000001190520170000000000001260000000000000000000000000000000000000000000000000000000000000000000000000000000000000000000000000000000000000000000000000000000000000000000000         
0010001300010P 010296290000000178772 28509430413000000   7  220000000000000012105201700000000000490000000 02N2604201720000000000000000000002200000000000000000000000000000000000000000000000000000000000000000000000000000003000000090000000000 
0010001300011Q 0120109172600001803LEMENTAL MANUTENCAO E SOLUCOE          RUA FERREIRA CANTAO, 876                IRAJA          21235180RIO DE JANEIRO RJ                                                        000                    00000000
0010001300012R 010000000000000000000000000000000000000000000000001210520170000000000000980000000000000000000000000000000000000000000000000000000000000000000000000000000000000000000000000000000000000000000000000000000000000000000000         
0010001300013P 010296290000000178772 28509430413650000   7  220000000000000012605201700000000000630000000 02N2604201720000000000000000000002200000000000000000000000000000000000000000000000000000000000000000000000000000003000000090000000000 
0010001300014Q 012025080323000163KAVOKI SERVICOS DE INTERNET LTDA - ME   RUA ALEXANDRE DE GUSMAO, 785B           CONDOMINIO SAO 06706080COTIA          SP                                                        000                    00000000
0010001300015R 010000000000000000000000000000000000000000000000001260520170000000000001260000000000000000000000000000000000000000000000000000000000000000000000000000000000000000000000000000000000000000000000000000000000000000000000         
0010001300016P 010296290000000178772 28509439017020000   7  220000000000000012604201700000000000748200000 02N2604201720000000000000000000002200000000000000000000000000000000000000000000000000000000000000000000000000000003000000090000000000 
0010001300017Q 012021978180000150MARGARETE PAROLA ME                     RUA JOSE GONCALVES GOMIDE, 780          VILA GUILHERME 02075001SAO PAULO      SP                                                        000                    00000000
0010001300018R 010000000000000000000000000000000000000000000000000000000000000000000000000000000000000000000000000000000000000000000000000000000000000000000000000000000000000000000000000000000000000000000000000000000000000000000000         
00100015         000020                                                                                                                                                                                                                         
00199999         000001000022                                                                                                                                                                                                                   
