00100000         296533310000140002850943001417019  0296290000000178772 CONTADOR AMIGO LTDA. - ME     BANCO DO BRASIL S.A                     126042017110413000000000                                                                          
00100011R01  000 2096533310000140002850943001417019  0296290000000178772 CONTADOR AMIGO LTDA. - ME                                                                                     0000000026042017                                         
0010001300001P 010296290000000178772 28509431413600000   7  220000000000000012604201700000000001260000000 02N2604201720000000000000000000002200000000000000000000000000000000000000000000000000000000000000000000000000000003000000090000000000 
0010001300002Q 012026926955000168DINAMICA ADMINISTRACAO DE CONDOMINIOS LTRUA EUNICE FERRAZ FERNANDES,152         JARDIM DO LAGO 12914500BRAGANCA PAULISSP                                                        000                    00000000
0010001300003R 010000000000000000000000000000000000000000000000001260420170000000000002520000000000000000000000000000000000000000000000000000000000000000000000000000000000000000000000000000000000000000000000000000000000000000000000         
00100015         000005                                                                                                                                                                                                                         
00199999         000001000007                                                                                                                                                                                                                   
