00100000         296533310000140002850943001417019  0296290000000178772 CONTADOR AMIGO LTDA. - ME     BANCO DO BRASIL S.A                     127042017090417000000000                                                                          
00100011R01  000 2096533310000140002850943001417019  0296290000000178772 CONTADOR AMIGO LTDA. - ME                                                                                     0000000027042017                                         
0010001300001P 010296290000000178772 28509430391790000   7  220000000000000011106201700000000001890000000 02N2704201720000000000000000000002200000000000000000000000000000000000000000000000000000000000000000000000000000003000000090000000000 
0010001300002Q 012023007609000198BENX NEGOCIOS IMOBILIARIOS              AV. ANITA GARIBALDI, 964 - APTO 1302A   CABRAL         80540400CURITIBA       PR                                                        000                    00000000
0010001300003R 010000000000000000000000000000000000000000000000001110620170000000000003780000000000000000000000000000000000000000000000000000000000000000000000000000000000000000000000000000000000000000000000000000000000000000000000         
0010001300004P 010296290000000178772 28509431407610000   7  220000000000000011305201700000000001260000000 02N2704201720000000000000000000002200000000000000000000000000000000000000000000000000000000000000000000000000000003000000090000000000 
0010001300005Q 012018837400000111INFOPIRES TELECOM LTDA                  RUA JOSE DE PAULA, LOTE 10 QUADRA 24    PARQUE XEREM   25245550DUQUE DE CAXIASRJ                                                        000                    00000000
0010001300006R 010000000000000000000000000000000000000000000000001130520170000000000002520000000000000000000000000000000000000000000000000000000000000000000000000000000000000000000000000000000000000000000000000000000000000000000000         
0010001300007P 010296290000000178772 28509430413960000   7  220000000000000012305201700000000000630000000 02N2704201720000000000000000000002200000000000000000000000000000000000000000000000000000000000000000000000000000003000000090000000000 
0010001300008Q 012023708476000187BONATO, PEREIRA & DO VAL SOCIEDADE DE ADRUA CAPITAO CIRILO LOBATO, 200          CENTRO         12020100TAUBATE        SP                                                        000                    00000000
0010001300009R 010000000000000000000000000000000000000000000000001230520170000000000001260000000000000000000000000000000000000000000000000000000000000000000000000000000000000000000000000000000000000000000000000000000000000000000000         
0010001300010P 010296290000000178772 28509430413970000   7  220000000000000012805201700000000000630000000 02N2704201720000000000000000000002200000000000000000000000000000000000000000000000000000000000000000000000000000003000000090000000000 
0010001300011Q 012015918133000119LR SAUDE OCUPACIONAL LTDA               RUA CLAUDIO DE ALBUQUERQUE LIMA, 533    SAO LUIZ       57301220ARAPIRACA      AL                                                        000                    00000000
0010001300012R 010000000000000000000000000000000000000000000000001280520170000000000001260000000000000000000000000000000000000000000000000000000000000000000000000000000000000000000000000000000000000000000000000000000000000000000000         
0010001300013P 010296290000000178772 28509430413980000   7  220000000000000012505201700000000001260000000 02N2704201720000000000000000000002200000000000000000000000000000000000000000000000000000000000000000000000000000003000000090000000000 
0010001300014Q 012026926955000168DINAMICA ADMINISTRACAO DE CONDOMINIOS LTRUA EUNICE FERRAZ FERNANDES,152         JARDIM DO LAGO 12914500BRAGANCA PAULISSP                                                        000                    00000000
0010001300015R 010000000000000000000000000000000000000000000000001250520170000000000002520000000000000000000000000000000000000000000000000000000000000000000000000000000000000000000000000000000000000000000000000000000000000000000000         
0010001300016P 010296290000000178772 28509430406440000   7  220000000000000010905201700000000000630000000 02N2704201720000000000000000000002200000000000000000000000000000000000000000000000000000000000000000000000000000003000000090000000000 
0010001300017Q 012021978180000150MARGARETE PAROLA ME                     RUA JOSE GONCALVES GOMIDE, 780          VILA GUILHERME 02075001SAO PAULO      SP                                                        000                    00000000
0010001300018R 010000000000000000000000000000000000000000000000001090520170000000000001260000000000000000000000000000000000000000000000000000000000000000000000000000000000000000000000000000000000000000000000000000000000000000000000         
00100015         000020                                                                                                                                                                                                                         
00199999         000001000022                                                                                                                                                                                                                   
