00100000         296533310000140002850943001417019  0296290000000178772 CONTADOR AMIGO LTDA. - ME     BANCO DO BRASIL S.A                     127042017170410000000000                                                                          
00100011R01  000 2096533310000140002850943001417019  0296290000000178772 CONTADOR AMIGO LTDA. - ME                                                                                     0000000027042017                                         
0010001300001P 010296290000000178772 28509430414060000   7  220000000000000012704201700000000000630000000 02N2704201730000000000000000000000000000000000000000000000000000000000000000000000000000000000000000000000000000003000000090000000000 
0010001300002Q 012018707527000116DANIELLE NATALLY DOS SANTOS             RUA VERA LINHARES DE ANDRADE, 2181 AP 10CORREGO GRANDE 88034700FLORIANOPOLIS  SC                                                        000                    00000000
0010001300003R 010000000000000000000000000000000000000000000000000000000000000000000000000000000000000000000000000000000000000000000000000000000000000000000000000000000000000000000000000000000000000000000000000000000000000000000000         
0010001300004P 010296290000000178772 28509430414090000   7  220000000000000012704201700000000000630000000 02N2704201730000000000000000000000000000000000000000000000000000000000000000000000000000000000000000000000000000003000000090000000000 
0010001300005Q 012017477557000110DENISE ARAUJO DOS SANTOS ALVES          RUA ALCEU AMOROSO LIMA,786              CAMINHO DAS ARV41820770SALVADOR       BA                                                        000                    00000000
0010001300006R 010000000000000000000000000000000000000000000000000000000000000000000000000000000000000000000000000000000000000000000000000000000000000000000000000000000000000000000000000000000000000000000000000000000000000000000000         
00100015         000008                                                                                                                                                                                                                         
00199999         000001000010                                                                                                                                                                                                                   
