00100000         296533310000140002850943001417019  0296290000000178772 CONTADOR AMIGO LTDA. - ME     BANCO DO BRASIL S.A                     128042017090456000000000                                                                          
00100011R01  000 2096533310000140002850943001417019  0296290000000178772 CONTADOR AMIGO LTDA. - ME                                                                                     0000000028042017                                         
0010001300001P 010296290000000178772 28509430412250000   7  220000000000000011605201700000000000630000000 02N2804201720000000000000000000002200000000000000000000000000000000000000000000000000000000000000000000000000000003000000090000000000 
0010001300002Q 012021945105000193MARCOS DE S. LOPES                      TENENTE POLICIA CARLOS MENDES,232       JARDIM MARISA  13053214CAMPINAS       SP                                                        000                    00000000
0010001300003R 010000000000000000000000000000000000000000000000001160520170000000000001260000000000000000000000000000000000000000000000000000000000000000000000000000000000000000000000000000000000000000000000000000000000000000000000         
0010001300004P 010296290000000178772 28509430410550000   7  220000000000000011305201700000000000630000000 02N2804201720000000000000000000002200000000000000000000000000000000000000000000000000000000000000000000000000000003000000090000000000 
0010001300005Q 012012970431000160JOAO ALFREDO DE ASSIS                   RUA ETELVINA FERREIRA DA CONCEICAO      VILA DYLZE     18112420VOTORANTIM     SP                                                        000                    00000000
0010001300006R 010000000000000000000000000000000000000000000000001130520170000000000001260000000000000000000000000000000000000000000000000000000000000000000000000000000000000000000000000000000000000000000000000000000000000000000000         
0010001300007P 010296290000000178772 28509430414210000   7  220000000000000012205201700000000000630000000 02N2804201720000000000000000000002200000000000000000000000000000000000000000000000000000000000000000000000000000003000000090000000000 
0010001300008Q 011000008886360835MARCOS FERREIRA VERAS                   RUA TEOFILA VANDERLINDE, 1066           CIDADE OCIAN   11704460PRAIA GRANDE   SP                                                        000                    00000000
0010001300009R 010000000000000000000000000000000000000000000000001220520170000000000001260000000000000000000000000000000000000000000000000000000000000000000000000000000000000000000000000000000000000000000000000000000000000000000000         
0010001300010P 010296290000000178772 28509430414250000   7  220000000000000012205201700000000000630000000 02N2804201720000000000000000000002200000000000000000000000000000000000000000000000000000000000000000000000000000003000000090000000000 
0010001300011Q 012031356744000177TERESOPOLIS VIDEO & SOM LTDA ME         AV FELICIANO SODRE 148 LOJA B           VARZEA         25963081TERESOPOLIS    RJ                                                        000                    00000000
0010001300012R 010000000000000000000000000000000000000000000000001220520170000000000001260000000000000000000000000000000000000000000000000000000000000000000000000000000000000000000000000000000000000000000000000000000000000000000000         
0010001300013P 010296290000000178772 28509430414310000   7  220000000000000012805201700000000000630000000 02N2804201720000000000000000000002200000000000000000000000000000000000000000000000000000000000000000000000000000003000000090000000000 
0010001300014Q 012017477557000110DENISE ARAUJO DOS SANTOS ALVES          RUA ALCEU AMOROSO LIMA,786              CAMINHO DAS ARV41820770SALVADOR       BA                                                        000                    00000000
0010001300015R 010000000000000000000000000000000000000000000000001280520170000000000001260000000000000000000000000000000000000000000000000000000000000000000000000000000000000000000000000000000000000000000000000000000000000000000000         
0010001300016P 010296290000000178772 28509430414320000   7  220000000000000012805201700000000000630000000 02N2804201720000000000000000000002200000000000000000000000000000000000000000000000000000000000000000000000000000003000000090000000000 
0010001300017Q 012011371318000103BRASIL LOC. COM. P. MAQ. LTDA           RUA SEVERINO LARA, 8                    VENDA NOVA     31610260BELO HORIZONTE MG                                                        000                    00000000
0010001300018R 010000000000000000000000000000000000000000000000001280520170000000000001260000000000000000000000000000000000000000000000000000000000000000000000000000000000000000000000000000000000000000000000000000000000000000000000         
0010001300019P 010296290000000178772 28509430414330000   7  220000000000000010206201700000000000630000000 02N2804201720000000000000000000002200000000000000000000000000000000000000000000000000000000000000000000000000000003000000090000000000 
0010001300020Q 012015323220000123H. AIUB CORRETORA DE SEGUROS LTDA       RUA DOM LARA 864                        VILA VALENCA   11390140SAO VICENTE    SP                                                        000                    00000000
0010001300021R 010000000000000000000000000000000000000000000000001020620170000000000001260000000000000000000000000000000000000000000000000000000000000000000000000000000000000000000000000000000000000000000000000000000000000000000000         
00100015         000023                                                                                                                                                                                                                         
00199999         000001000025                                                                                                                                                                                                                   
