00100000         296533310000140002850943001417019  0296290000000178772 CONTADOR AMIGO LTDA. - ME     BANCO DO BRASIL S.A                     102052017180554000000000                                                                          
00100011R01  000 2096533310000140002850943001417019  0296290000000178772 CONTADOR AMIGO LTDA. - ME                                                                                     0000000002052017                                         
0010001300001P 010296290000000178772 28509430415380000   7  220000000000000010206201700000000000630000000 02N0205201720000000000000000000002200000000000000000000000000000000000000000000000000000000000000000000000000000003000000090000000000 
0010001300002Q 012020916596000181DANTAS E RUFINO DESENHOS TECNICOS LTDA -RUA CONSELHEIRO PORTELA, 665, SALA 114  ESPINHEIRO     52020035RECIFE         PE                                                        000                    00000000
0010001300003R 010000000000000000000000000000000000000000000000001020620170000000000001260000000000000000000000000000000000000000000000000000000000000000000000000000000000000000000000000000000000000000000000000000000000000000000000         
0010001300004P 010296290000000178772 28509430414700000   7  220000000000000010205201700000000000650600000 02N0205201720000000000000000000002200000000000000000000000000000000000000000000000000000000000000000000000000000003000000090000000000 
0010001300005Q 012011820788000107JEAN GARRETT PRODUCAO & SERVICOS LTDA-MERUA RAUL POMPEIA, 306                   VILA POMPEIA   05025010SAO PAULO      SP                                                        000                    00000000
0010001300006R 010000000000000000000000000000000000000000000000000000000000000000000000000000000000000000000000000000000000000000000000000000000000000000000000000000000000000000000000000000000000000000000000000000000000000000000000         
0010001300007P 010296290000000178772 28509430415840000   7  220000000000000010205201700000000000630000000 02N0205201720000000000000000000002200000000000000000000000000000000000000000000000000000000000000000000000000000003000000090000000000 
0010001300008Q 012023351913000158MEDICSELL REPRESENTACOES LTDA - ME      MARIO PACIULO 5                         VILA MATILDE   03514050SAO PAULO      SP                                                        000                    00000000
0010001300009R 010000000000000000000000000000000000000000000000001020520170000000000001260000000000000000000000000000000000000000000000000000000000000000000000000000000000000000000000000000000000000000000000000000000000000000000000         
0010001300010P 010296290000000178772 28509430406380000   7  220000000000000010305201700000000000630000000 02N0205201720000000000000000000002200000000000000000000000000000000000000000000000000000000000000000000000000000003000000090000000000 
0010001300011Q 011000005956984686RONALDO DE AVILA LIMA                   RUA VIISCONDE DE UNHA UMA, 1061         OSVALDO CRUZ   09571390SAO CAETANO DO SP                                                        000                    00000000
0010001300012R 010000000000000000000000000000000000000000000000001030520170000000000001260000000000000000000000000000000000000000000000000000000000000000000000000000000000000000000000000000000000000000000000000000000000000000000000         
0010001300013P 010296290000000178772 28509430415890000   7  220000000000000010205201700000000000630000000 02N0205201730000000000000000000000000000000000000000000000000000000000000000000000000000000000000000000000000000003000000090000000000 
0010001300014Q 012007704195000108RBRASIL IMP. EXP. E COMERCIO LTDA-ME    RUA LOUREIRO DA CRUZ, 338 10  ANDAR     ACLIMACAO      01529020SAO PAULO      SP                                                        000                    00000000
0010001300015R 010000000000000000000000000000000000000000000000000000000000000000000000000000000000000000000000000000000000000000000000000000000000000000000000000000000000000000000000000000000000000000000000000000000000000000000000         
00100015         000017                                                                                                                                                                                                                         
00199999         000001000019                                                                                                                                                                                                                   
