00100000         296533310000140002850943001417019  0296290000000178772 CONTADOR AMIGO LTDA. - ME     BANCO DO BRASIL S.A                     103052017120559000000000                                                                          
00100011R01  000 2096533310000140002850943001417019  0296290000000178772 CONTADOR AMIGO LTDA. - ME                                                                                     0000000003052017                                         
0010001300001P 010296290000000178772 28509431415380000   7  220000000000000010206201700000000003540000000 02N0305201720000000000000000000002200000000000000000000000000000000000000000000000000000000000000000000000000000003000000090000000000 
0010001300002Q 012020916596000181DANTAS E RUFINO DESENHOS TECNICOS LTDA -RUA CONSELHEIRO PORTELA, 665, SALA 114  ESPINHEIRO     52020035RECIFE         PE                                                        000                    00000000
0010001300003R 010000000000000000000000000000000000000000000000001020620170000000000007080000000000000000000000000000000000000000000000000000000000000000000000000000000000000000000000000000000000000000000000000000000000000000000000         
0010001300004P 010296290000000178772 28509430415550000   7  220000000000000012805201700000000000630000000 02N0305201720000000000000000000002200000000000000000000000000000000000000000000000000000000000000000000000000000003000000090000000000 
0010001300005Q 012005464673000116DUCORE SISTEMAS DE IMPRESSAO LTDA-ME    RUA MARINA ESTON,0114                   JARDIM PERI    02634030SAO PAULO      SP                                                        000                    00000000
0010001300006R 010000000000000000000000000000000000000000000000001280520170000000000001260000000000000000000000000000000000000000000000000000000000000000000000000000000000000000000000000000000000000000000000000000000000000000000000         
0010001300007P 010296290000000178772 28509430415560000   7  220000000000000012805201700000000000630000000 02N0305201720000000000000000000002200000000000000000000000000000000000000000000000000000000000000000000000000000003000000090000000000 
0010001300008Q 012012431547000120ELIZANGELA A R SANTOS ME                RUA RODRIGO VIEIRA, 320                 JARDIM VILA MAR04115060SAO PAULO      SP                                                        000                    00000000
0010001300009R 010000000000000000000000000000000000000000000000001280520170000000000001260000000000000000000000000000000000000000000000000000000000000000000000000000000000000000000000000000000000000000000000000000000000000000000000         
0010001300010P 010296290000000178772 28509430415570000   7  220000000000000012905201700000000000630000000 02N0305201720000000000000000000002200000000000000000000000000000000000000000000000000000000000000000000000000000003000000090000000000 
0010001300011Q 012010337288000148BRUXELLAS PRODUCOES LTDA                AV EPITACIO PESSOA, 2.330/ 301          LAGOA          22411072RIO DE JANEIRO RJ                                                        000                    00000000
0010001300012R 010000000000000000000000000000000000000000000000001290520170000000000001260000000000000000000000000000000000000000000000000000000000000000000000000000000000000000000000000000000000000000000000000000000000000000000000         
0010001300013P 010296290000000178772 28509430415580000   7  220000000000000010506201700000000000630000000 02N0305201720000000000000000000002200000000000000000000000000000000000000000000000000000000000000000000000000000003000000090000000000 
0010001300014Q 012014224328000104ALEXANDRE LUIS FERREIRA ME              RUA ANTONIO ROSSI, 164                  JARDIM ROSSI   13486138LIMEIRA        SP                                                        000                    00000000
0010001300015R 010000000000000000000000000000000000000000000000001050620170000000000001260000000000000000000000000000000000000000000000000000000000000000000000000000000000000000000000000000000000000000000000000000000000000000000000         
0010001300016P 010296290000000178772 28509430415590000   7  220000000000000010106201700000000000630000000 02N0305201720000000000000000000002200000000000000000000000000000000000000000000000000000000000000000000000000000003000000090000000000 
0010001300017Q 012023613919000156ALLAN SANTOS BARBOZA ME                 AV. BRASIL, 1500 SALA 303               CENTRO         88330901BALNEARIO CAMBOSC                                                        000                    00000000
0010001300018R 010000000000000000000000000000000000000000000000001010620170000000000001260000000000000000000000000000000000000000000000000000000000000000000000000000000000000000000000000000000000000000000000000000000000000000000000         
0010001300019P 010296290000000178772 28509430415600000   7  220000000000000010106201700000000000630000000 02N0305201720000000000000000000002200000000000000000000000000000000000000000000000000000000000000000000000000000003000000090000000000 
0010001300020Q 012019717778000144HOPF GESTAO EMPRESARIAL LTDA            SBS Q 02 - BLOCO E - SALA 206           ASA SUL        70070120BRASILIA       DF                                                        000                    00000000
0010001300021R 010000000000000000000000000000000000000000000000001010620170000000000001260000000000000000000000000000000000000000000000000000000000000000000000000000000000000000000000000000000000000000000000000000000000000000000000         
0010001300022P 010296290000000178772 28509430415610000   7  220000000000000010206201700000000000630000000 02N0305201720000000000000000000002200000000000000000000000000000000000000000000000000000000000000000000000000000003000000090000000000 
0010001300023Q 011000027859843234ANA LUCIA SOUSA MATOS                   CONJ. PARAISO DOS PASSAROS QD. 73 CASA 6MARACANGALHA   66110179BELEM          PA                                                        000                    00000000
0010001300024R 010000000000000000000000000000000000000000000000001020620170000000000001260000000000000000000000000000000000000000000000000000000000000000000000000000000000000000000000000000000000000000000000000000000000000000000000         
0010001300025P 010296290000000178772 28509430416030000   7  220000000000000010106201700000000000630000000 02N0305201720000000000000000000002200000000000000000000000000000000000000000000000000000000000000000000000000000003000000090000000000 
0010001300026Q 012032318875000122SYNAPSE TREINAMENTO EMPRESARIAL LTDA    RUA DEPUT JOSE DA ROCHA RIBAS 111, BLC 0BARRA DA TIJUCA22630000RIO DE JANEIRO RJ                                                        000                    00000000
0010001300027R 010000000000000000000000000000000000000000000000001010620170000000000001260000000000000000000000000000000000000000000000000000000000000000000000000000000000000000000000000000000000000000000000000000000000000000000000         
0010001300028P 010296290000000178772 28509430416040000   7  220000000000000010206201700000000000630000000 02N0305201720000000000000000000002200000000000000000000000000000000000000000000000000000000000000000000000000000003000000090000000000 
0010001300029Q 012009436439000136AVES GERAIS ECOTURISMO E MONITORAMENTO AMG 232, KM203                           ZONA RURAL     35875000MORRO DO PILAR MG                                                        000                    00000000
0010001300030R 010000000000000000000000000000000000000000000000001020620170000000000001260000000000000000000000000000000000000000000000000000000000000000000000000000000000000000000000000000000000000000000000000000000000000000000000         
0010001300031P 010296290000000178772 28509430416050000   7  220000000000000010406201700000000000630000000 02N0305201720000000000000000000002200000000000000000000000000000000000000000000000000000000000000000000000000000003000000090000000000 
0010001300032Q 012010746583000158HIRBO JR ESTUDIO DE PRODUCOES ARTISTICASRUA ATROS RIBEIRO, 82                   JACANA         02275180SAO PAULO      SP                                                        000                    00000000
0010001300033R 010000000000000000000000000000000000000000000000001040620170000000000001260000000000000000000000000000000000000000000000000000000000000000000000000000000000000000000000000000000000000000000000000000000000000000000000         
0010001300034P 010296290000000178772 28509430416060000   7  220000000000000010206201700000000000630000000 02N0305201720000000000000000000002200000000000000000000000000000000000000000000000000000000000000000000000000000003000000090000000000 
0010001300035Q 012021511772000168MARCELO APARECIDO LOPES SERVICOS DE INFOALAMEDA ROCHA AZEVEDO, 55               CONDOMINIO NOVA06690150ITAPEVI        SP                                                        000                    00000000
0010001300036R 010000000000000000000000000000000000000000000000001020620170000000000001260000000000000000000000000000000000000000000000000000000000000000000000000000000000000000000000000000000000000000000000000000000000000000000000         
0010001300037P 010296290000000178772 28509430416070000   7  220000000000000010306201700000000000630000000 02N0305201720000000000000000000002200000000000000000000000000000000000000000000000000000000000000000000000000000003000000090000000000 
0010001300038Q 012014469236000186RONALDO PRATO LEITE DE CASTRO           RUA PARAIBA, 249                        FLORESTA       90220100PORTO ALEGRE   RS                                                        000                    00000000
0010001300039R 010000000000000000000000000000000000000000000000001030620170000000000001260000000000000000000000000000000000000000000000000000000000000000000000000000000000000000000000000000000000000000000000000000000000000000000000         
0010001300040P 010296290000000178772 28509430416080000   7  220000000000000010606201700000000000630000000 02N0305201720000000000000000000002200000000000000000000000000000000000000000000000000000000000000000000000000000003000000090000000000 
0010001300041Q 012021513652000108HSM SERVICOS EMPRESARIAIS LTDA. - ME    AV. HUMBERTO DE ALENCAR CASTELO BRANCO, ASSUNCAO       09850305SAO BERNARDO DOSP                                                        000                    00000000
0010001300042R 010000000000000000000000000000000000000000000000001060620170000000000001260000000000000000000000000000000000000000000000000000000000000000000000000000000000000000000000000000000000000000000000000000000000000000000000         
0010001300043P 010296290000000178772 28509430416090000   7  220000000000000010206201700000000000630000000 02N0305201720000000000000000000002200000000000000000000000000000000000000000000000000000000000000000000000000000003000000090000000000 
0010001300044Q 012021023859000196ASX DE MENEZES SERVICOS ADMINISTRATIVOS RUA SIMONE MARTINI, 285                 JD. SANTA MARIA03573170SAO PAULO      SP                                                        000                    00000000
0010001300045R 010000000000000000000000000000000000000000000000001020620170000000000001260000000000000000000000000000000000000000000000000000000000000000000000000000000000000000000000000000000000000000000000000000000000000000000000         
0010001300046P 010296290000000178772 28509430416100000   7  220000000000000011506201700000000000630000000 02N0305201720000000000000000000002200000000000000000000000000000000000000000000000000000000000000000000000000000003000000090000000000 
0010001300047Q 012004210784000133MY SOLUTION INFORMATICA LTDA M          RUA SANTA VIRGINIA, 408 - CJ 24         TATUAPE        03084000SAO PAULO      SP                                                        000                    00000000
0010001300048R 010000000000000000000000000000000000000000000000001150620170000000000001260000000000000000000000000000000000000000000000000000000000000000000000000000000000000000000000000000000000000000000000000000000000000000000000         
0010001300049P 010296290000000178772 28509430416110000   7  220000000000000010306201700000000000630000000 02N0305201720000000000000000000002200000000000000000000000000000000000000000000000000000000000000000000000000000003000000090000000000 
0010001300050Q 012013614652000168ANDRE CALEGARI RODRIGUES - ME           R GENEBRA                               PARQUE NOVO ORA09260260SANTO ANDRE    SP                                                        000                    00000000
0010001300051R 010000000000000000000000000000000000000000000000001030620170000000000001260000000000000000000000000000000000000000000000000000000000000000000000000000000000000000000000000000000000000000000000000000000000000000000000         
0010001300052P 010296290000000178772 28509430416120000   7  220000000000000011506201700000000000630000000 02N0305201720000000000000000000002200000000000000000000000000000000000000000000000000000000000000000000000000000003000000090000000000 
0010001300053Q 012007105097000146HLU EVENTOS E CURSOS LTDA-ME            ESTRADA BASILIO VIEIRA DE GODOY,S/N KM 9ENTREMONTES    13920000PEDREIRA       SP                                                        000                    00000000
0010001300054R 010000000000000000000000000000000000000000000000001150620170000000000001260000000000000000000000000000000000000000000000000000000000000000000000000000000000000000000000000000000000000000000000000000000000000000000000         
0010001300055P 010296290000000178772 28509430416140000   7  220000000000000010306201700000000000630000000 02N0305201720000000000000000000002200000000000000000000000000000000000000000000000000000000000000000000000000000003000000090000000000 
0010001300056Q 012007704195000108RBRASIL IMP. EXP. E COMERCIO LTDA-ME    RUA LOUREIRO DA CRUZ, 338 10  ANDAR     ACLIMACAO      01529020SAO PAULO      SP                                                        000                    00000000
0010001300057R 010000000000000000000000000000000000000000000000001030620170000000000001260000000000000000000000000000000000000000000000000000000000000000000000000000000000000000000000000000000000000000000000000000000000000000000000         
00100015         000059                                                                                                                                                                                                                         
00199999         000001000061                                                                                                                                                                                                                   
