00100000         296533310000140002850943001417019  0296290000000178772 CONTADOR AMIGO LTDA. - ME     BANCO DO BRASIL S.A                     103052017170518000000000                                                                          
00100011R01  000 2096533310000140002850943001417019  0296290000000178772 CONTADOR AMIGO LTDA. - ME                                                                                     0000000003052017                                         
0010001300001P 010296290000000178772 28509430415470000   7  220000000000000012505201700000000000630000000 02N0305201720000000000000000000002200000000000000000000000000000000000000000000000000000000000000000000000000000003000000090000000000 
0010001300002Q 012026462053000118MS DO NASCIMENTO ROCHA ASSESSORIA NAVAL RUA SALGADO FILHO 3365                  SAO JOAO BOSCO 76803776PORTO VELHO    RO                                                        000                    00000000
0010001300003R 010000000000000000000000000000000000000000000000001250520170000000000001260000000000000000000000000000000000000000000000000000000000000000000000000000000000000000000000000000000000000000000000000000000000000000000000         
0010001300004P 010296290000000178772 28509430408610000   7  220000000000000011605201700000000000630000000 02N0305201730000000000000000000000000000000000000000000000000000000000000000000000000000000000000000000000000000003000000090000000000 
0010001300005Q 012027358184000112RICARDO LUIZ DA SILVA ZAMBOTTI ME       RUA CASCADO, 38 AP 144 BL 02            VILA ANDRADE   05734040SAO PAULO      SP                                                        000                    00000000
0010001300006R 010000000000000000000000000000000000000000000000000000000000000000000000000000000000000000000000000000000000000000000000000000000000000000000000000000000000000000000000000000000000000000000000000000000000000000000000         
0010001300007P 010296290000000178772 28509430416440000   7  220000000000000010206201700000000000630000000 02N0305201730000000000000000000000000000000000000000000000000000000000000000000000000000000000000000000000000000003000000090000000000 
0010001300008Q 012013871950000133ANDERSON QUEIROZ FURTADO ME             QR 506 CONJ 09 LOTE 48                  SAMAMBAIA SUL  72314109BRASILIA       DF                                                        000                    00000000
0010001300009R 010000000000000000000000000000000000000000000000000000000000000000000000000000000000000000000000000000000000000000000000000000000000000000000000000000000000000000000000000000000000000000000000000000000000000000000000         
00100015         000011                                                                                                                                                                                                                         
00199999         000001000013                                                                                                                                                                                                                   
