00100000         296533310000140002850943001417019  0296290000000178772 CONTADOR AMIGO LTDA. - ME     BANCO DO BRASIL S.A                     104052017170553000000000                                                                          
00100011R01  000 2096533310000140002850943001417019  0296290000000178772 CONTADOR AMIGO LTDA. - ME                                                                                     0000000004052017                                         
0010001300001P 010296290000000178772 28509431206210000   7  220000000000000010405201700000000000630000000 02N0405201720000000000000000000002200000000000000000000000000000000000000000000000000000000000000000000000000000003000000090000000000 
0010001300002Q 012022149102000106PAULO SERGIO ROGACHESKI CORRETORA DE SEGRUA VAHIA DE ABREU 72 C.1               BOQUEIRAO      11050120SANTOS         SP                                                        000                    00000000
0010001300003R 010000000000000000000000000000000000000000000000001040520170000000000001260000000000000000000000000000000000000000000000000000000000000000000000000000000000000000000000000000000000000000000000000000000000000000000000         
0010001300004P 010296290000000178772 28509430416980000   7  220000000000000010405201700000000005880000000 02N0405201720000000000000000000002200000000000000000000000000000000000000000000000000000000000000000000000000000003000000090000000000 
0010001300005Q 012022903963000138AMARILDO PEREIRA DA CRUZ - SEGURANCA DO RUA PEDRO MARASSI 130                   JD NOVA AMERICA13053036CAMPINAS       SP                                                        000                    00000000
0010001300006R 010000000000000000000000000000000000000000000000001040520170000000000011760000000000000000000000000000000000000000000000000000000000000000000000000000000000000000000000000000000000000000000000000000000000000000000000         
00100015         000008                                                                                                                                                                                                                         
00199999         000001000010                                                                                                                                                                                                                   
