00100000         296533310000140002850943001417019  0296290000000178772 CONTADOR AMIGO LTDA. - ME     BANCO DO BRASIL S.A                     105052017090514000000000                                                                          
00100011R01  000 2096533310000140002850943001417019  0296290000000178772 CONTADOR AMIGO LTDA. - ME                                                                                     0000000005052017                                         
0010001300001P 010296290000000178772 28509430377380000   7  220000000000000010905201700000000000630000000 02N0505201720000000000000000000002200000000000000000000000000000000000000000000000000000000000000000000000000000003000000090000000000 
0010001300002Q 011000033510337883ADILSON AZEVEDO SOARES 33510337883      AV. ENGENHEIRO GERCINO HUGO CAPARELLI, 5VILA SAO JORGE 11085750SANTOS         SP                                                        000                    00000000
0010001300003R 010000000000000000000000000000000000000000000000001090520170000000000001260000000000000000000000000000000000000000000000000000000000000000000000000000000000000000000000000000000000000000000000000000000000000000000000         
0010001300004P 010296290000000178772 28509430417290000   7  220000000000000010706201700000000000630000000 02N0505201720000000000000000000002200000000000000000000000000000000000000000000000000000000000000000000000000000003000000090000000000 
0010001300005Q 012022373283000150RONALDO OSCAR LEMOS DE OLIVEIRA ME      AV IMPERATRIZ LEOPOLDINA 550 TORRE 4 APTVILA NOVA      13073035CAMPINAS       SP                                                        000                    00000000
0010001300006R 010000000000000000000000000000000000000000000000001070620170000000000001260000000000000000000000000000000000000000000000000000000000000000000000000000000000000000000000000000000000000000000000000000000000000000000000         
0010001300007P 010296290000000178772 28509430417300000   7  220000000000000010306201700000000000630000000 02N0505201720000000000000000000002200000000000000000000000000000000000000000000000000000000000000000000000000000003000000090000000000 
0010001300008Q 012020462411000106KAIZEN DESENVOLVIMENTO DE SOFTWARES     RUA 7 DE SETEMBRO, 832                  CENTRO         79002121CAMPO GRANDE   MS                                                        000                    00000000
0010001300009R 010000000000000000000000000000000000000000000000001030620170000000000001260000000000000000000000000000000000000000000000000000000000000000000000000000000000000000000000000000000000000000000000000000000000000000000000         
0010001300010P 010296290000000178772 28509430417310000   7  220000000000000010506201700000000000630000000 02N0505201720000000000000000000002200000000000000000000000000000000000000000000000000000000000000000000000000000003000000090000000000 
0010001300011Q 012022691853000150WINNER REABILITACAO DESPORTIVA EIRELI - R HARRY FEEKEN, 697 SALA 01             BONECA DO IGUAC83040000SAO JOSE DOS PIPR                                                        000                    00000000
0010001300012R 010000000000000000000000000000000000000000000000001050620170000000000001260000000000000000000000000000000000000000000000000000000000000000000000000000000000000000000000000000000000000000000000000000000000000000000000         
0010001300013P 010296290000000178772 28509430417320000   7  220000000000000010306201700000000000630000000 02N0505201720000000000000000000002200000000000000000000000000000000000000000000000000000000000000000000000000000003000000090000000000 
0010001300014Q 011000027084795553EDUARDO PEDREIRA                        AVENIDA DAS AMERICAS 13600, BLOCO 4 APTORECREIO DOS BAN22790702RIO DE JANEIRO RJ                                                        000                    00000000
0010001300015R 010000000000000000000000000000000000000000000000001030620170000000000001260000000000000000000000000000000000000000000000000000000000000000000000000000000000000000000000000000000000000000000000000000000000000000000000         
0010001300016P 010296290000000178772 28509430417330000   7  220000000000000010506201700000000000630000000 02N0505201720000000000000000000002200000000000000000000000000000000000000000000000000000000000000000000000000000003000000090000000000 
0010001300017Q 012067981878000126ALPHA PEGASUS PROCESSAMENTO DE DADOS SOCRUA DARDANELOS, 143                     ALTO DA LAPA   05468010SAO PAULO      SP                                                        000                    00000000
0010001300018R 010000000000000000000000000000000000000000000000001050620170000000000001260000000000000000000000000000000000000000000000000000000000000000000000000000000000000000000000000000000000000000000000000000000000000000000000         
0010001300019P 010296290000000178772 28509430417350000   7  220000000000000010506201700000000000630000000 02N0505201720000000000000000000002200000000000000000000000000000000000000000000000000000000000000000000000000000003000000090000000000 
0010001300020Q 012040307902000190JUNGLE JAZZ  PRODUCOES ARTISTICAS LTDA MRUA PROFESSOR ESTELITA LINS 100/304     LARANJEIRAS    22245150RIO DE JANEIRO RJ                                                        000                    00000000
0010001300021R 010000000000000000000000000000000000000000000000001050620170000000000001260000000000000000000000000000000000000000000000000000000000000000000000000000000000000000000000000000000000000000000000000000000000000000000000         
0010001300022P 010296290000000178772 28509430417370000   7  220000000000000010406201700000000000630000000 02N0505201720000000000000000000002200000000000000000000000000000000000000000000000000000000000000000000000000000003000000090000000000 
0010001300023Q 012022149102000106PAULO SERGIO ROGACHESKI CORRETORA DE SEGRUA VAHIA DE ABREU 72 C.1               BOQUEIRAO      11050120SANTOS         SP                                                        000                    00000000
0010001300024R 010000000000000000000000000000000000000000000000001040620170000000000001260000000000000000000000000000000000000000000000000000000000000000000000000000000000000000000000000000000000000000000000000000000000000000000000         
00100015         000026                                                                                                                                                                                                                         
00199999         000001000028                                                                                                                                                                                                                   
