00100000         296533310000140002850943001417019  0296290000000178772 CONTADOR AMIGO LTDA. - ME     BANCO DO BRASIL S.A                     108052017100541000000000                                                                          
00100011R01  000 2096533310000140002850943001417019  0296290000000178772 CONTADOR AMIGO LTDA. - ME                                                                                     0000000008052017                                         
0010001300001P 010296290000000178772 28509430398260000   7  220000000000000012206201700000000001890000000 02N0805201720000000000000000000002200000000000000000000000000000000000000000000000000000000000000000000000000000003000000090000000000 
0010001300002Q 012026606373000102MARCO AURELIO ALVES DE OLIVEIRA - SOCIEDST SDN LOTE CONJ. NACIONAL SL 4096      ASA NORTE      70077900BRASILIA       DF                                                        000                    00000000
0010001300003R 010000000000000000000000000000000000000000000000001220620170000000000003780000000000000000000000000000000000000000000000000000000000000000000000000000000000000000000000000000000000000000000000000000000000000000000000         
0010001300004P 010296290000000178772 28509430417340000   7  220000000000000012106201700000000000490000000 02N0805201720000000000000000000002200000000000000000000000000000000000000000000000000000000000000000000000000000003000000090000000000 
0010001300005Q 0120109172600001803LEMENTAL MANUTENCAO E SOLUCOE          RUA FERREIRA CANTAO, 876                IRAJA          21235180RIO DE JANEIRO RJ                                                        000                    00000000
0010001300006R 010000000000000000000000000000000000000000000000001210620170000000000000980000000000000000000000000000000000000000000000000000000000000000000000000000000000000000000000000000000000000000000000000000000000000000000000         
0010001300007P 010296290000000178772 28509430417910000   7  220000000000000010906201700000000000630000000 02N0805201720000000000000000000002200000000000000000000000000000000000000000000000000000000000000000000000000000003000000090000000000 
0010001300008Q 011000033510337883ADILSON AZEVEDO SOARES 33510337883      AV. ENGENHEIRO GERCINO HUGO CAPARELLI, 5VILA SAO JORGE 11085750SANTOS         SP                                                        000                    00000000
0010001300009R 010000000000000000000000000000000000000000000000001090620170000000000001260000000000000000000000000000000000000000000000000000000000000000000000000000000000000000000000000000000000000000000000000000000000000000000000         
0010001300010P 010296290000000178772 28509430417920000   7  220000000000000010306201700000000000630000000 02N0805201720000000000000000000002200000000000000000000000000000000000000000000000000000000000000000000000000000003000000090000000000 
0010001300011Q 011000004516393832JOACIR ARAUJO MACHADO JUNIOR            RUA CORREIA DE LEMOS 212, AP. 53        CHACARA INGLESA04140000SAO PAULO      SP                                                        000                    00000000
0010001300012R 010000000000000000000000000000000000000000000000001030620170000000000001260000000000000000000000000000000000000000000000000000000000000000000000000000000000000000000000000000000000000000000000000000000000000000000000         
0010001300013P 010296290000000178772 28509430417930000   7  220000000000000010406201700000000000630000000 02N0805201720000000000000000000002200000000000000000000000000000000000000000000000000000000000000000000000000000003000000090000000000 
0010001300014Q 011000032463759844VICTOR HUGO CALEFI GIGLIO               RUA RENATO DOS SANTOS 100               PQ REAL II     13803846MOGI-MIRIM     SP                                                        000                    00000000
0010001300015R 010000000000000000000000000000000000000000000000001040620170000000000001260000000000000000000000000000000000000000000000000000000000000000000000000000000000000000000000000000000000000000000000000000000000000000000000         
0010001300016P 010296290000000178772 28509430417940000   7  220000000000000010606201700000000000630000000 02N0805201720000000000000000000002200000000000000000000000000000000000000000000000000000000000000000000000000000003000000090000000000 
0010001300017Q 012022210830000186BOHLHALTER SUPORTE TECNICO EM INFORMATICAVENIDA PRESIDENTE KENNEY, 3700 AP 244 BSANTA PAULA    09572200SAO CAETANO DO SP                                                        000                    00000000
0010001300018R 010000000000000000000000000000000000000000000000001060620170000000000001260000000000000000000000000000000000000000000000000000000000000000000000000000000000000000000000000000000000000000000000000000000000000000000000         
0010001300019P 010296290000000178772 28509430417950000   7  220000000000000010506201700000000000630000000 02N0805201720000000000000000000002200000000000000000000000000000000000000000000000000000000000000000000000000000003000000090000000000 
0010001300020Q 012011717294000193PHOTO ART BRASIL EDITORA LTDA ME        RUA LUCIDIO LAGO 96 SALA 202            MEIER          20780020RIO DE JANEIRO RJ                                                        000                    00000000
0010001300021R 010000000000000000000000000000000000000000000000001050620170000000000001260000000000000000000000000000000000000000000000000000000000000000000000000000000000000000000000000000000000000000000000000000000000000000000000         
0010001300022P 010296290000000178772 28509430417960000   7  220000000000000010506201700000000000630000000 02N0805201720000000000000000000002200000000000000000000000000000000000000000000000000000000000000000000000000000003000000090000000000 
0010001300023Q 012007431477000170MR PAULINO NEGOCIOS E SERVICOS DE EDITORR LAGOA DAS GARCAS 200 - 1706 - PARTE   BARRA DA TIJUCA22793400RIO DE JANEIRO RJ                                                        000                    00000000
0010001300024R 010000000000000000000000000000000000000000000000001050620170000000000001260000000000000000000000000000000000000000000000000000000000000000000000000000000000000000000000000000000000000000000000000000000000000000000000         
0010001300025P 010296290000000178772 28509430417970000   7  220000000000000010506201700000000000630000000 02N0805201720000000000000000000002200000000000000000000000000000000000000000000000000000000000000000000000000000003000000090000000000 
0010001300026Q 012015155570000128ROUSSELET NEGOCIOS E GESTAO EMPRESARIAL RUA LAGOA DAS GARCAS, 200 - 1706        BARRA DA TIJUCA22793400RIO DE JANEIRO RJ                                                        000                    00000000
0010001300027R 010000000000000000000000000000000000000000000000001050620170000000000001260000000000000000000000000000000000000000000000000000000000000000000000000000000000000000000000000000000000000000000000000000000000000000000000         
0010001300028P 010296290000000178772 28509430417980000   7  220000000000000010506201700000000000630000000 02N0805201720000000000000000000002200000000000000000000000000000000000000000000000000000000000000000000000000000003000000090000000000 
0010001300029Q 012019881509000119AGEB LOCACOES LTDA                      RUA CONGONHAS DO CAMPO, 225             ESPERANCA      35701039SETE LAGOAS    MG                                                        000                    00000000
0010001300030R 010000000000000000000000000000000000000000000000001050620170000000000001260000000000000000000000000000000000000000000000000000000000000000000000000000000000000000000000000000000000000000000000000000000000000000000000         
0010001300031P 010296290000000178772 28509430417990000   7  220000000000000010406201700000000000630000000 02N0805201720000000000000000000002200000000000000000000000000000000000000000000000000000000000000000000000000000003000000090000000000 
0010001300032Q 012018191267000179PAULO L MORAES ELETRONICOS - M          RUA MEXICO, 320 S 01                    JARDIM AMERICA 06756360TABOAO DA SERRASP                                                        000                    00000000
0010001300033R 010000000000000000000000000000000000000000000000001040620170000000000001260000000000000000000000000000000000000000000000000000000000000000000000000000000000000000000000000000000000000000000000000000000000000000000000         
0010001300034P 010296290000000178772 28509430418000000   7  220000000000000010506201700000000000630000000 02N0805201720000000000000000000002200000000000000000000000000000000000000000000000000000000000000000000000000000003000000090000000000 
0010001300035Q 012013483345000195FABIO TERUO KAMIO - ME                  RUA HERMES FONTES, 59                   PINHEIROS      05418050SAO PAULO      SP                                                        000                    00000000
0010001300036R 010000000000000000000000000000000000000000000000001050620170000000000001260000000000000000000000000000000000000000000000000000000000000000000000000000000000000000000000000000000000000000000000000000000000000000000000         
0010001300037P 010296290000000178772 28509430418010000   7  220000000000000010806201700000000000630000000 02N0805201720000000000000000000002200000000000000000000000000000000000000000000000000000000000000000000000000000003000000090000000000 
0010001300038Q 012018707527000116DANIELLE NATALLY DOS SANTOS             RUA VERA LINHARES DE ANDRADE, 2181 AP 10CORREGO GRANDE 88034700FLORIANOPOLIS  SC                                                        000                    00000000
0010001300039R 010000000000000000000000000000000000000000000000001080620170000000000001260000000000000000000000000000000000000000000000000000000000000000000000000000000000000000000000000000000000000000000000000000000000000000000000         
00100015         000041                                                                                                                                                                                                                         
00199999         000001000043                                                                                                                                                                                                                   
