00100000         296533310000140002850943001417019  0296290000000178772 CONTADOR AMIGO LTDA. - ME     BANCO DO BRASIL S.A                     108052017140501000000000                                                                          
00100011R01  000 2096533310000140002850943001417019  0296290000000178772 CONTADOR AMIGO LTDA. - ME                                                                                     0000000008052017                                         
0010001300001P 010296290000000178772 28509430410560000   7  220000000000000011305201700000000000630000000 02N0805201720000000000000000000002200000000000000000000000000000000000000000000000000000000000000000000000000000003000000090000000000 
0010001300002Q 012015624664000107OFFICE PROJETORES COM E SERV LTDA       RUA FRANCISCO BASILIO DE MELO 277 PRQ SAPARQUE MARIA DO05128200SAO PAULO      SP                                                        000                    00000000
0010001300003R 010000000000000000000000000000000000000000000000001130520170000000000001260000000000000000000000000000000000000000000000000000000000000000000000000000000000000000000000000000000000000000000000000000000000000000000000         
0010001300004P 010296290000000178772 28509430418270000   7  220000000000000010606201700000000000630000000 02N0805201720000000000000000000002200000000000000000000000000000000000000000000000000000000000000000000000000000003000000090000000000 
0010001300005Q 012004711642000150STA COMERCIO E SERVICOS LTDA            RUA PRAIA DE MURIU, 2001, COND. ANDORRA,NOVA PARNAMIRIM59151427PARNAMIRIM     RN                                                        000                    00000000
0010001300006R 010000000000000000000000000000000000000000000000001060620170000000000001260000000000000000000000000000000000000000000000000000000000000000000000000000000000000000000000000000000000000000000000000000000000000000000000         
0010001300007P 010296290000000178772 28509439017890000   7  220000000000000011005201700000000004000000000 02N0805201720000000000000000000002200000000000000000000000000000000000000000000000000000000000000000000000000000003000000090000000000 
0010001300008Q 011000036515659806RAPHAEL MARTINS RATTES MARQUES          RUA CONSELHEIRO RAMALHO, 701            BELA VISTA     01325001SAO PAULO      SP                                                        000                    00000000
0010001300009R 010000000000000000000000000000000000000000000000000000000000000000000000000000000000000000000000000000000000000000000000000000000000000000000000000000000000000000000000000000000000000000000000000000000000000000000000         
0010001300010P 010296290000000178772 28509439017900000   7  220000000000000011005201700000000004000000000 02N0805201720000000000000000000002200000000000000000000000000000000000000000000000000000000000000000000000000000003000000090000000000 
0010001300011Q 011000036515659806RAPHAEL MARTINS RATTES MARQUES          RUA CONSELHEIRO RAMALHO, 701            BELA VISTA     01325001SAO PAULO      SP                                                        000                    00000000
0010001300012R 010000000000000000000000000000000000000000000000000000000000000000000000000000000000000000000000000000000000000000000000000000000000000000000000000000000000000000000000000000000000000000000000000000000000000000000000         
0010001300013P 010296290000000178772 28509439017910000   7  220000000000000011005201700000000000000000000 02N0805201720000000000000000000002200000000000000000000000000000000000000000000000000000000000000000000000000000003000000090000000000 
0010001300014Q 012018191267000179PAULO L MORAES ELETRONICOS - M          RUA MEXICO, 320 S 01                    JARDIM AMERICA 06756360TABOAO DA SERRASP                                                        000                    00000000
0010001300015R 010000000000000000000000000000000000000000000000000000000000000000000000000000000000000000000000000000000000000000000000000000000000000000000000000000000000000000000000000000000000000000000000000000000000000000000000         
0010001300016P 010296290000000178772 28509439017920000   7  220000000000000011005201700000000000000000000 02N0805201720000000000000000000002200000000000000000000000000000000000000000000000000000000000000000000000000000003000000090000000000 
0010001300017Q 012018191267000179PAULO L MORAES ELETRONICOS - M          RUA MEXICO, 320 S 01                    JARDIM AMERICA 06756360TABOAO DA SERRASP                                                        000                    00000000
0010001300018R 010000000000000000000000000000000000000000000000000000000000000000000000000000000000000000000000000000000000000000000000000000000000000000000000000000000000000000000000000000000000000000000000000000000000000000000000         
0010001300019P 010296290000000178772 28509439017930000   7  220000000000000011005201700000000000126000000 02N0805201720000000000000000000002200000000000000000000000000000000000000000000000000000000000000000000000000000003000000090000000000 
0010001300020Q 012018191267000179PAULO L MORAES ELETRONICOS - M          RUA MEXICO, 320 S 01                    JARDIM AMERICA 06756360TABOAO DA SERRASP                                                        000                    00000000
0010001300021R 010000000000000000000000000000000000000000000000000000000000000000000000000000000000000000000000000000000000000000000000000000000000000000000000000000000000000000000000000000000000000000000000000000000000000000000000         
0010001300022P 010296290000000178772 28509439017940000   7  220000000000000011005201700000000000000000000 02N0805201720000000000000000000002200000000000000000000000000000000000000000000000000000000000000000000000000000003000000090000000000 
0010001300023Q 012004904390000185ASSOCIACAO PROJETO BRASILEIRO DE DANCA  RUA SANTA CLARA, 378                    JARDIM SANTA RI09941270AGUA COMPRIDA  MG                                                        000                    00000000
0010001300024R 010000000000000000000000000000000000000000000000000000000000000000000000000000000000000000000000000000000000000000000000000000000000000000000000000000000000000000000000000000000000000000000000000000000000000000000000         
00100015         000026                                                                                                                                                                                                                         
00199999         000001000028                                                                                                                                                                                                                   
