00100000         296533310000140002850943001417019  0296290000000178772 CONTADOR AMIGO LTDA. - ME     BANCO DO BRASIL S.A                     109052017170550000000000                                                                          
00100011R01  000 2096533310000140002850943001417019  0296290000000178772 CONTADOR AMIGO LTDA. - ME                                                                                     0000000009052017                                         
0010001300001P 010296290000000178772 28509430398220000   7  220000000000000012306201700000000001890000000 02N0905201720000000000000000000002200000000000000000000000000000000000000000000000000000000000000000000000000000003000000090000000000 
0010001300002Q 012025275492000159DRAGONFLY CREATIVE SOLUCOES EM TECNOLOGIR. MARIA DELFINA DO E. SANTO, 140 - PL.1BELA VISTA     06060060SAO PAULO      SP                                                        000                    00000000
0010001300003R 010000000000000000000000000000000000000000000000001230620170000000000003780000000000000000000000000000000000000000000000000000000000000000000000000000000000000000000000000000000000000000000000000000000000000000000000         
0010001300004P 010296290000000178772 28509430413920000   7  220000000000000012105201700000000000630000000 02N0905201720000000000000000000002200000000000000000000000000000000000000000000000000000000000000000000000000000003000000090000000000 
0010001300005Q 0120233000390001202GPR ENGENHARIA E CONSULTORIA LTDA-ME   RUA JAIME BENEVOLO 71 - AP 203          ENGENHO DE DENT20730330RIO DE JANEIRO RJ                                                        000                    00000000
0010001300006R 010000000000000000000000000000000000000000000000001210520170000000000001260000000000000000000000000000000000000000000000000000000000000000000000000000000000000000000000000000000000000000000000000000000000000000000000         
0010001300007P 010296290000000178772 28509430413940000   7  220000000000000012105201700000000000630000000 02N0905201720000000000000000000002200000000000000000000000000000000000000000000000000000000000000000000000000000003000000090000000000 
0010001300008Q 012026063266000177EZEQUIEL ALVES FERREIRA CORRETAGEM DE SERUA ASSIS CHATEAUBRIAND, 65 APTO 204    JD PAULISTANO  19013720PRESIDENTE PRUDSP                                                        000                    00000000
0010001300009R 010000000000000000000000000000000000000000000000001210520170000000000001260000000000000000000000000000000000000000000000000000000000000000000000000000000000000000000000000000000000000000000000000000000000000000000000         
0010001300010P 010296290000000178772 28509430415450000   7  220000000000000012505201700000000000630000000 02N0905201720000000000000000000002200000000000000000000000000000000000000000000000000000000000000000000000000000003000000090000000000 
0010001300011Q 012022777466000130MARIA ERENILDA SOUZA MOTA - ME          RUA INACIO COSTA ,  222                 VILA DALILA    03025030SAO PAULO      SP                                                        000                    00000000
0010001300012R 010000000000000000000000000000000000000000000000001250520170000000000001260000000000000000000000000000000000000000000000000000000000000000000000000000000000000000000000000000000000000000000000000000000000000000000000         
0010001300013P 010296290000000178772 28509430417760000   7  220000000000000010106201700000000000630000000 02N0905201720000000000000000000002200000000000000000000000000000000000000000000000000000000000000000000000000000003000000090000000000 
0010001300014Q 012025136347000197ARAUJO E BONFIM LTDA ME                 AV SANTA TEREZINHA N 79                 SANTA TEREZINHA77808400ARAGUAINA      TO                                                        000                    00000000
0010001300015R 010000000000000000000000000000000000000000000000001010620170000000000001260000000000000000000000000000000000000000000000000000000000000000000000000000000000000000000000000000000000000000000000000000000000000000000000         
0010001300016P 010296290000000178772 28509430418530000   7  220000000000000010706201700000000000630000000 02N0905201720000000000000000000002200000000000000000000000000000000000000000000000000000000000000000000000000000003000000090000000000 
0010001300017Q 012022584877000100AUDATEC TECNICAS ESTATISTICAS AUTOMOTIVAAV. CASA VERDE, 2901 - AP. 38           CASA VERDE     02519200SAO PAULO      SP                                                        000                    00000000
0010001300018R 010000000000000000000000000000000000000000000000001070620170000000000001260000000000000000000000000000000000000000000000000000000000000000000000000000000000000000000000000000000000000000000000000000000000000000000000         
0010001300019P 010296290000000178772 28509430418540000   7  220000000000000010606201700000000000630000000 02N0905201720000000000000000000002200000000000000000000000000000000000000000000000000000000000000000000000000000003000000090000000000 
0010001300020Q 012017330977000170FERNANDO AZEVEDO DE SOUZA NUNES - ME    AV HENRIQUE MOSCOSO                     CENTRO         29100021VILA VELHA     ES                                                        000                    00000000
0010001300021R 010000000000000000000000000000000000000000000000001060620170000000000001260000000000000000000000000000000000000000000000000000000000000000000000000000000000000000000000000000000000000000000000000000000000000000000000         
0010001300022P 010296290000000178772 28509430418550000   7  220000000000000010606201700000000000630000000 02N0905201720000000000000000000002200000000000000000000000000000000000000000000000000000000000000000000000000000003000000090000000000 
0010001300023Q 012008311525000150JJ RIBEIRO CONSULTORES LTDA             RUA PEDRO BORTOLUZZI - 240              JOAO BATISTA TO89820000XANXERE        SC                                                        000                    00000000
0010001300024R 010000000000000000000000000000000000000000000000001060620170000000000001260000000000000000000000000000000000000000000000000000000000000000000000000000000000000000000000000000000000000000000000000000000000000000000000         
0010001300025P 010296290000000178772 28509430418560000   7  220000000000000010706201700000000000630000000 02N0905201720000000000000000000002200000000000000000000000000000000000000000000000000000000000000000000000000000003000000090000000000 
0010001300026Q 012010343225000102PADOVANI SERVICOS DE INFORMATICA LTDA   RUA GIACINTO TOGNATO, 1715              BAETA NEVES    09760372SAO BERNARDO DOSP                                                        000                    00000000
0010001300027R 010000000000000000000000000000000000000000000000001070620170000000000001260000000000000000000000000000000000000000000000000000000000000000000000000000000000000000000000000000000000000000000000000000000000000000000000         
0010001300028P 010296290000000178772 28509430418570000   7  220000000000000011206201700000000000630000000 02N0905201720000000000000000000002200000000000000000000000000000000000000000000000000000000000000000000000000000003000000090000000000 
0010001300029Q 012009275012000101COMUNICACAO ESTRATEGICA E MARKETING DIRERUA IRENE RAMOS GOMES DE MATOS, 97/490  PINA           51011530RECIFE         PE                                                        000                    00000000
0010001300030R 010000000000000000000000000000000000000000000000001120620170000000000001260000000000000000000000000000000000000000000000000000000000000000000000000000000000000000000000000000000000000000000000000000000000000000000000         
0010001300031P 010296290000000178772 28509430418580000   7  220000000000000010506201700000000000630000000 02N0905201720000000000000000000002200000000000000000000000000000000000000000000000000000000000000000000000000000003000000090000000000 
0010001300032Q 012021118621000144SIVINI SIQUEIRA ESCRITORIO DE ADVOCACIA R. ERNESTO DE PAULA SANTOS, 1172        BOA VIAGEM     51021330RECIFE         PE                                                        000                    00000000
0010001300033R 010000000000000000000000000000000000000000000000001050620170000000000001260000000000000000000000000000000000000000000000000000000000000000000000000000000000000000000000000000000000000000000000000000000000000000000000         
0010001300034P 010296290000000178772 28509430418590000   7  220000000000000011106201700000000000630000000 02N0905201720000000000000000000002200000000000000000000000000000000000000000000000000000000000000000000000000000003000000090000000000 
0010001300035Q 012022200685000152PEDRO LUIZ ALBERTIN BONO MILAN - ME     RUA DR. JOSE BENEDITO VIANA DE MORAES 26VILA SAO FRANCI05351005SAO PAULO      SP                                                        000                    00000000
0010001300036R 010000000000000000000000000000000000000000000000001110620170000000000001260000000000000000000000000000000000000000000000000000000000000000000000000000000000000000000000000000000000000000000000000000000000000000000000         
0010001300037P 010296290000000178772 28509430418600000   7  220000000000000010706201700000000001260000000 02N0905201720000000000000000000002200000000000000000000000000000000000000000000000000000000000000000000000000000003000000090000000000 
0010001300038Q 012019780591000195JRFERRI SERVICOS DE ESCR ADMIN          RUA ANA MARIA MARTINEZ, 420 APTO 14A    ASSUNCAO       09811000SAO BERNARDO DOSP                                                        000                    00000000
0010001300039R 010000000000000000000000000000000000000000000000001070620170000000000002520000000000000000000000000000000000000000000000000000000000000000000000000000000000000000000000000000000000000000000000000000000000000000000000         
0010001300040P 010296290000000178772 28509430418610000   7  220000000000000010806201700000000000630000000 02N0905201720000000000000000000002200000000000000000000000000000000000000000000000000000000000000000000000000000003000000090000000000 
0010001300041Q 012004217515000107GRAFICA BR LTDA, ME                     RUA CAROLINA FLORENCE 1461              VILA NOVA      13073076CAMPINAS       SP                                                        000                    00000000
0010001300042R 010000000000000000000000000000000000000000000000001080620170000000000001260000000000000000000000000000000000000000000000000000000000000000000000000000000000000000000000000000000000000000000000000000000000000000000000         
0010001300043P 010296290000000178772 28509430418620000   7  220000000000000011206201700000000000630000000 02N0905201720000000000000000000002200000000000000000000000000000000000000000000000000000000000000000000000000000003000000090000000000 
0010001300044Q 012008875390000155APPEND SOLUCOES EM CRIACAO E G          RUA FRANZ SCHUBERT, 203, LOJA A - PARTE JARDIM AMERICA 21240090RIO DE JANEIRO RJ                                                        000                    00000000
0010001300045R 010000000000000000000000000000000000000000000000001120620170000000000001260000000000000000000000000000000000000000000000000000000000000000000000000000000000000000000000000000000000000000000000000000000000000000000000         
0010001300046P 010296290000000178772 28509430418630000   7  220000000000000010806201700000000000630000000 02N0905201720000000000000000000002200000000000000000000000000000000000000000000000000000000000000000000000000000003000000090000000000 
0010001300047Q 012005952834000110RAM SUPORTE EM TECNOLOGIA LTDA          RUA IRINEU CORREIA DA SILVA, 159        JD SATELITE    04815290SAO PAULO      SP                                                        000                    00000000
0010001300048R 010000000000000000000000000000000000000000000000001080620170000000000001260000000000000000000000000000000000000000000000000000000000000000000000000000000000000000000000000000000000000000000000000000000000000000000000         
0010001300049P 010296290000000178772 28509430418640000   7  220000000000000011006201700000000000630000000 02N0905201720000000000000000000002200000000000000000000000000000000000000000000000000000000000000000000000000000003000000090000000000 
0010001300050Q 012024661884000193E CARDOSO DE OLIVEIRA ESTUDIO DE GRAVACAESTV  VELHA DO PILAR LOTE 02 QUDRA 10   CHACARAS RIO PE25230610DUQUE DE CAXIASRJ                                                        000                    00000000
0010001300051R 010000000000000000000000000000000000000000000000001100620170000000000001260000000000000000000000000000000000000000000000000000000000000000000000000000000000000000000000000000000000000000000000000000000000000000000000         
0010001300052P 010296290000000178772 28509430418650000   7  220000000000000011206201700000000000630000000 02N0905201720000000000000000000002200000000000000000000000000000000000000000000000000000000000000000000000000000003000000090000000000 
0010001300053Q 011000035375940892TATIANA BARTHMANN MOURA                 RUA TUCUNA, 270 APTO 111                PERDIZES       05021010SAO PAULO      SP                                                        000                    00000000
0010001300054R 010000000000000000000000000000000000000000000000001120620170000000000001260000000000000000000000000000000000000000000000000000000000000000000000000000000000000000000000000000000000000000000000000000000000000000000000         
0010001300055P 010296290000000178772 28509430418660000   7  220000000000000011206201700000000001260000000 02N0905201720000000000000000000002200000000000000000000000000000000000000000000000000000000000000000000000000000003000000090000000000 
0010001300056Q 012021425867000169ANA LAURA DE LARA ARDAIA ME             RUA MAJOR GAMA 645                      CENTRO         78020170CUIABA         MT                                                        000                    00000000
0010001300057R 010000000000000000000000000000000000000000000000001120620170000000000002520000000000000000000000000000000000000000000000000000000000000000000000000000000000000000000000000000000000000000000000000000000000000000000000         
0010001300058P 010296290000000178772 28509431395150000   7  220000000000000010905201700000000000705600000 02N0905201720000000000000000000002200000000000000000000000000000000000000000000000000000000000000000000000000000003000000090000000000 
0010001300059Q 012003405986000178HSN INFORMATICA LTD                     SCLN 313 BLOCO A                        ASA NORTE      70766510BRASILIA       DF                                                        000                    00000000
0010001300060R 010000000000000000000000000000000000000000000000000000000000000000000000000000000000000000000000000000000000000000000000000000000000000000000000000000000000000000000000000000000000000000000000000000000000000000000000         
0010001300061P 010296290000000178772 28509430418900000   7  220000000000000010806201700000000000630000000 02N0905201730000000000000000000000000000000000000000000000000000000000000000000000000000000000000000000000000000003000000090000000000 
0010001300062Q 011000042145705880LUCAS BATISTA ARAUJO                    AV ITAQUI                               JARDIM BELVAL  06420210BARUERI        SP                                                        000                    00000000
0010001300063R 010000000000000000000000000000000000000000000000000000000000000000000000000000000000000000000000000000000000000000000000000000000000000000000000000000000000000000000000000000000000000000000000000000000000000000000000         
00100015         000065                                                                                                                                                                                                                         
00199999         000001000067                                                                                                                                                                                                                   
