00100000         296533310000140002850943001417019  0296290000000178772 CONTADOR AMIGO LTDA. - ME     BANCO DO BRASIL S.A                     110052017090558000000000                                                                          
00100011R01  000 2096533310000140002850943001417019  0296290000000178772 CONTADOR AMIGO LTDA. - ME                                                                                     0000000010052017                                         
0010001300001P 010296290000000178772 28509430399460000   7  220000000000000011005201700000000000677000000 02N1005201720000000000000000000002200000000000000000000000000000000000000000000000000000000000000000000000000000003000000090000000000 
0010001300002Q 012010193572000198ELTON IZAIAS DE MATOS - ME              AV. GOIAS, 820                          CENTRO         78840000CAMPO VERDE    MT                                                        000                    00000000
0010001300003R 010000000000000000000000000000000000000000000000000000000000000000000000000000000000000000000000000000000000000000000000000000000000000000000000000000000000000000000000000000000000000000000000000000000000000000000000         
0010001300004P 010296290000000178772 28509430412230000   7  220000000000000011605201700000000000630000000 02N1005201720000000000000000000002200000000000000000000000000000000000000000000000000000000000000000000000000000003000000090000000000 
0010001300005Q 011000000601165284PATRICK DE OLIVEIRA RAMOS               TRAVESSA COLOMBIA, 2816                 NOVO ESTRELA   68742236CASTANHAL      PA                                                        000                    00000000
0010001300006R 010000000000000000000000000000000000000000000000001160520170000000000001260000000000000000000000000000000000000000000000000000000000000000000000000000000000000000000000000000000000000000000000000000000000000000000000         
0010001300007P 010296290000000178772 28509430409990000   7  220000000000000011705201700000000000630000000 02N1005201720000000000000000000002200000000000000000000000000000000000000000000000000000000000000000000000000000003000000090000000000 
0010001300008Q 011000004219965017RENE ALUISIO REGO KASPER                RUA TENENTE ARY TARRAGO, 1720/43        PROTASIO ALVES 91225001PORTO ALEGRE   RS                                                        000                    00000000
0010001300009R 010000000000000000000000000000000000000000000000001170520170000000000001260000000000000000000000000000000000000000000000000000000000000000000000000000000000000000000000000000000000000000000000000000000000000000000000         
0010001300010P 010296290000000178772 28509430417740000   7  220000000000000010206201700000000000630000000 02N1005201720000000000000000000002200000000000000000000000000000000000000000000000000000000000000000000000000000003000000090000000000 
0010001300011Q 012005894612000199NOVACOMMERCE INTERNET SOFTWARE          RUA OLAVO BILAC 10-05                   JARDIM BELA VIS17060454BAURU          SP                                                        000                    00000000
0010001300012R 010000000000000000000000000000000000000000000000001020620170000000000001260000000000000000000000000000000000000000000000000000000000000000000000000000000000000000000000000000000000000000000000000000000000000000000000         
0010001300013P 010296290000000178772 28509430419110000   7  220000000000000010506201700000000000630000000 02N1005201720000000000000000000002200000000000000000000000000000000000000000000000000000000000000000000000000000003000000090000000000 
0010001300014Q 012017821734000134SOLFOTOSTUDIO FOTOGRAFIA E FILMAGEM DIGIESTRADA MIRANDELA, 70 SALA 201          CENTRO         26520332NILOPOLIS      RJ                                                        000                    00000000
0010001300015R 010000000000000000000000000000000000000000000000001050620170000000000001260000000000000000000000000000000000000000000000000000000000000000000000000000000000000000000000000000000000000000000000000000000000000000000000         
0010001300016P 010296290000000178772 28509430419120000   7  220000000000000010806201700000000000630000000 02N1005201720000000000000000000002200000000000000000000000000000000000000000000000000000000000000000000000000000003000000090000000000 
0010001300017Q 012019723102000163WILLIANS ROBSON NONAKA PEREIRA - ME     RUA VATINGA, 166                        JD. IRACEMA    05847600SAO PAULO      SP                                                        000                    00000000
0010001300018R 010000000000000000000000000000000000000000000000001080620170000000000001260000000000000000000000000000000000000000000000000000000000000000000000000000000000000000000000000000000000000000000000000000000000000000000000         
0010001300019P 010296290000000178772 28509430419140000   7  220000000000000010906201700000000000630000000 02N1005201720000000000000000000002200000000000000000000000000000000000000000000000000000000000000000000000000000003000000090000000000 
0010001300020Q 012016882747000150CARLOS ALBERTO DE OLIVEIRA 13221111894 -RUA BRASILINO MARIANO, 36               COHAB IV       14735000SEVERINIA      SP                                                        000                    00000000
0010001300021R 010000000000000000000000000000000000000000000000001090620170000000000001260000000000000000000000000000000000000000000000000000000000000000000000000000000000000000000000000000000000000000000000000000000000000000000000         
0010001300022P 010296290000000178772 28509430419150000   7  220000000000000010906201700000000000630000000 02N1005201720000000000000000000002200000000000000000000000000000000000000000000000000000000000000000000000000000003000000090000000000 
0010001300023Q 012009069869000167C.C.T. CENTRO DE CURSOS DE IDIOMAS E TRARUA CLODOMIRO AMAZONAS 1422, CONJ. 23   VILA OLIMPIA   04537002SAO PAULO      SP                                                        000                    00000000
0010001300024R 010000000000000000000000000000000000000000000000001090620170000000000001260000000000000000000000000000000000000000000000000000000000000000000000000000000000000000000000000000000000000000000000000000000000000000000000         
0010001300025P 010296290000000178772 28509430419160000   7  220000000000000011006201700000000000630000000 02N1005201720000000000000000000002200000000000000000000000000000000000000000000000000000000000000000000000000000003000000090000000000 
0010001300026Q 012021832106000121FERNANDO SANTANA CAUMO                  RODOVIA REGIS BITTENCOURT, S/N - KM 288 JARDIM ITAPECER06888700ITAPECERICA DA SP                                                        000                    00000000
0010001300027R 010000000000000000000000000000000000000000000000001100620170000000000001260000000000000000000000000000000000000000000000000000000000000000000000000000000000000000000000000000000000000000000000000000000000000000000000         
0010001300028P 010296290000000178772 28509430419170000   7  220000000000000012006201700000000000630000000 02N1005201720000000000000000000002200000000000000000000000000000000000000000000000000000000000000000000000000000003000000090000000000 
0010001300029Q 012022161022000176TAKE CARE OF YOUR BUSINESS SERVICOS DE PRUA SUGAO SUZUKI N 100 BC 06 CONJ 24B   COLONIA (ZONA L08260110SAO PAULO      SP                                                        000                    00000000
0010001300030R 010000000000000000000000000000000000000000000000001200620170000000000001260000000000000000000000000000000000000000000000000000000000000000000000000000000000000000000000000000000000000000000000000000000000000000000000         
0010001300031P 010296290000000178772 28509430419180000   7  220000000000000010906201700000000000630000000 02N1005201720000000000000000000002200000000000000000000000000000000000000000000000000000000000000000000000000000003000000090000000000 
0010001300032Q 012021984849000117A. MOREIRA LIMA SOCIEDADE DE ADVOGADOS  ALAMEDA SANTOS, 200 - 1  ANDAR          BELA VISTA     01418000SAO PAULO      SP                                                        000                    00000000
0010001300033R 010000000000000000000000000000000000000000000000001090620170000000000001260000000000000000000000000000000000000000000000000000000000000000000000000000000000000000000000000000000000000000000000000000000000000000000000         
0010001300034P 010296290000000178772 28509430419200000   7  220000000000000011406201700000000000630000000 02N1005201720000000000000000000002200000000000000000000000000000000000000000000000000000000000000000000000000000003000000090000000000 
0010001300035Q 012007995896000135LEVBERNI CONSULTORIA                    RUA QUINZE DE SETEMBRO, 73              SAUDE          04053070SAO PAULO      SP                                                        000                    00000000
0010001300036R 010000000000000000000000000000000000000000000000001140620170000000000001260000000000000000000000000000000000000000000000000000000000000000000000000000000000000000000000000000000000000000000000000000000000000000000000         
00100015         000038                                                                                                                                                                                                                         
00199999         000001000040                                                                                                                                                                                                                   
