00100000         296533310000140002850943001417019  0296290000000178772 CONTADOR AMIGO LTDA. - ME     BANCO DO BRASIL S.A                     111052017090543000000000                                                                          
00100011R01  000 2096533310000140002850943001417019  0296290000000178772 CONTADOR AMIGO LTDA. - ME                                                                                     0000000011052017                                         
0010001300001P 010296290000000178772 28509430419130000   7  220000000000000012506201700000000000630000000 02N1105201720000000000000000000002200000000000000000000000000000000000000000000000000000000000000000000000000000003000000090000000000 
0010001300002Q 012002677897000118CT COMUNICACAO LTDA                     Q.2, CONJ. C-15, BL. B AP 108           SOBRADINHO     73015315BRASILIA       DF                                                        000                    00000000
0010001300003R 010000000000000000000000000000000000000000000000001250620170000000000001260000000000000000000000000000000000000000000000000000000000000000000000000000000000000000000000000000000000000000000000000000000000000000000000         
0010001300004P 010296290000000178772 28509430419560000   7  220000000000000011006201700000000000630000000 02N1105201720000000000000000000002200000000000000000000000000000000000000000000000000000000000000000000000000000003000000090000000000 
0010001300005Q 012005982318000139AVLIS AR CONDICIONADO LTDA - ME         SAO JOSE DO RIO PRETO                   PARQUE INDUSTRI15025070SAO JOSE DO RIOSP                                                        000                    00000000
0010001300006R 010000000000000000000000000000000000000000000000001100620170000000000001260000000000000000000000000000000000000000000000000000000000000000000000000000000000000000000000000000000000000000000000000000000000000000000000         
0010001300007P 010296290000000178772 28509430419570000   7  220000000000000011006201700000000000630000000 02N1105201720000000000000000000002200000000000000000000000000000000000000000000000000000000000000000000000000000003000000090000000000 
0010001300008Q 012013755353000143HOMERO DE FREITAS GUIMARAES RI          RUA GALILEIA, N  362                    PARQUE SAO JOAO32342190CONTAGEM       MG                                                        000                    00000000
0010001300009R 010000000000000000000000000000000000000000000000001100620170000000000001260000000000000000000000000000000000000000000000000000000000000000000000000000000000000000000000000000000000000000000000000000000000000000000000         
0010001300010P 010296290000000178772 28509430419580000   7  220000000000000011006201700000000000630000000 02N1105201720000000000000000000002200000000000000000000000000000000000000000000000000000000000000000000000000000003000000090000000000 
0010001300011Q 012013993580000107ATLAS BROKERS CORRETORA DE SEGUROS LTDA R CAMPOS SALLES, 669                    VILA NOVA      13322060SALTO          SP                                                        000                    00000000
0010001300012R 010000000000000000000000000000000000000000000000001100620170000000000001260000000000000000000000000000000000000000000000000000000000000000000000000000000000000000000000000000000000000000000000000000000000000000000000         
0010001300013P 010296290000000178772 28509430419590000   7  220000000000000011706201700000000000630000000 02N1105201720000000000000000000002200000000000000000000000000000000000000000000000000000000000000000000000000000003000000090000000000 
0010001300014Q 012013977284000112ATTENTO BRASIL SERVICOS FINANCEIROS     QR 401 CONJ 26 CASA 06                  SAMAMBAIA NORTE72319026BRASILIA       DF                                                        000                    00000000
0010001300015R 010000000000000000000000000000000000000000000000001170620170000000000001260000000000000000000000000000000000000000000000000000000000000000000000000000000000000000000000000000000000000000000000000000000000000000000000         
0010001300016P 010296290000000178772 28509430419600000   7  220000000000000011306201700000000000630000000 02N1105201720000000000000000000002200000000000000000000000000000000000000000000000000000000000000000000000000000003000000090000000000 
0010001300017Q 012018644292000160ANTONIO CARLOS IBANHES PAES - ME        R. JOSE RABELO LEITE, 400               SANTA ROSA     78040265CUIABA         MT                                                        000                    00000000
0010001300018R 010000000000000000000000000000000000000000000000001130620170000000000001260000000000000000000000000000000000000000000000000000000000000000000000000000000000000000000000000000000000000000000000000000000000000000000000         
00100015         000020                                                                                                                                                                                                                         
00199999         000001000022                                                                                                                                                                                                                   
