00100000         296533310000140002850943001417019  0296290000000178772 CONTADOR AMIGO LTDA. - ME     BANCO DO BRASIL S.A                     112052017090540000000000                                                                          
00100011R01  000 2096533310000140002850943001417019  0296290000000178772 CONTADOR AMIGO LTDA. - ME                                                                                     0000000012052017                                         
0010001300001P 010296290000000178772 28509430419820000   7  220000000000000011106201700000000001260000000 02N1205201730000000000000000000000000000000000000000000000000000000000000000000000000000000000000000000000000000003000000090000000000 
0010001300002Q 012000472408000166KES ADM E CORRETORA DE SEGUROS LTDA     RUA VERENA, 197                         VL SANTANA     03614010SAO PAULO      SP                                                        000                    00000000
0010001300003R 010000000000000000000000000000000000000000000000000000000000000000000000000000000000000000000000000000000000000000000000000000000000000000000000000000000000000000000000000000000000000000000000000000000000000000000000         
0010001300004P 010296290000000178772 28509430419870000   7  220000000000000011006201700000000000630000000 02N1205201730000000000000000000002200000000000000000000000000000000000000000000000000000000000000000000000000000003000000090000000000 
0010001300005Q 012008684484000147FRANCISCO BELA DEAK ME                  RUA JOAO RAMALHO, 586 AP 42B            PERDIZES       05008900SAO PAULO      SP                                                        000                    00000000
0010001300006R 010000000000000000000000000000000000000000000000001100620170000000000001260000000000000000000000000000000000000000000000000000000000000000000000000000000000000000000000000000000000000000000000000000000000000000000000         
0010001300007P 010296290000000178772 28509430419880000   7  220000000000000012006201700000000000630000000 02N1205201730000000000000000000002200000000000000000000000000000000000000000000000000000000000000000000000000000003000000090000000000 
0010001300008Q 011000025039035845MARCIO QUIRINO CARDOSO                  RUA DO LAVRADOR 133                     JD.ANGELA (ZN L03985150SAO PAULO      SP                                                        000                    00000000
0010001300009R 010000000000000000000000000000000000000000000000001200620170000000000001260000000000000000000000000000000000000000000000000000000000000000000000000000000000000000000000000000000000000000000000000000000000000000000000         
0010001300010P 010296290000000178772 28509430419890000   7  220000000000000011106201700000000000630000000 02N1205201730000000000000000000002200000000000000000000000000000000000000000000000000000000000000000000000000000003000000090000000000 
0010001300011Q 011000022864933837EVANDRO MARQUES                         ALAMEDA EDUARDO PRADO                   CAMPOS ELISEOS 01218010SAO PAULO      SP                                                        000                    00000000
0010001300012R 010000000000000000000000000000000000000000000000001110620170000000000001260000000000000000000000000000000000000000000000000000000000000000000000000000000000000000000000000000000000000000000000000000000000000000000000         
0010001300013P 010296290000000178772 28509430419900000   7  220000000000000011106201700000000000630000000 02N1205201730000000000000000000002200000000000000000000000000000000000000000000000000000000000000000000000000000003000000090000000000 
0010001300014Q 012008955709000152TOSS CONSULTORIA E RESULTADOS ME LTDA   RUA JOSUE DI BERNARDI, 185 SALA 27      CAMPINAS       88101200SAO JOSE       SC                                                        000                    00000000
0010001300015R 010000000000000000000000000000000000000000000000001110620170000000000001260000000000000000000000000000000000000000000000000000000000000000000000000000000000000000000000000000000000000000000000000000000000000000000000         
00100015         000017                                                                                                                                                                                                                         
00199999         000001000019                                                                                                                                                                                                                   
