00100000         296533310000140002850943001417019  0296290000000178772 CONTADOR AMIGO LTDA. - ME     BANCO DO BRASIL S.A                     115052017090531000000000                                                                          
00100011R01  000 2096533310000140002850943001417019  0296290000000178772 CONTADOR AMIGO LTDA. - ME                                                                                     0000000015052017                                         
0010001300001P 010296290000000178772 28509439018370000   7  220000000000000011605201700000000000760000000 02N1505201720000000000000000000002200000000000000000000000000000000000000000000000000000000000000000000000000000003000000090000000000 
0010001300002Q 012096533310000140CONTADOR AMIGO LTDA. - ME               AV. DAS NACOES UNIDAS, 8501 - 17  ANDAR JARDIM SANTA RI05425070SAO PAULO      SP                                                        000                    00000000
0010001300003R 010000000000000000000000000000000000000000000000000000000000000000000000000000000000000000000000000000000000000000000000000000000000000000000000000000000000000000000000000000000000000000000000000000000000000000000000         
0010001300004P 010296290000000178772 28509439018380000   7  220000000000000011605201700000000001500000000 02N1505201730000000000000000000000000000000000000000000000000000000000000000000000000000000000000000000000000000003000000090000000000 
0010001300005Q 011000010054832640ARQUIMEDES ALVES RIBEIRO                RUA LEOPOLDO TEIXEIRA                   CENTRO         35190000IAPU           MG                                                        000                    00000000
0010001300006R 010000000000000000000000000000000000000000000000000000000000000000000000000000000000000000000000000000000000000000000000000000000000000000000000000000000000000000000000000000000000000000000000000000000000000000000000         
0010001300007P 010296290000000178772 28509430418480000   7  220000000000000010306201700000000000630000000 02N1505201730000000000000000000002200000000000000000000000000000000000000000000000000000000000000000000000000000003000000090000000000 
0010001300008Q 011000005956984686RONALDO DE AVILA LIMA                   RUA VIISCONDE DE UNHA UMA, 1061         OSVALDO CRUZ   09571390SAO CAETANO DO SP                                                        000                    00000000
0010001300009R 010000000000000000000000000000000000000000000000001030620170000000000001260000000000000000000000000000000000000000000000000000000000000000000000000000000000000000000000000000000000000000000000000000000000000000000000         
0010001300010P 010296290000000178772 28509430418930000   7  220000000000000010606201700000000000630000000 02N1505201730000000000000000000002200000000000000000000000000000000000000000000000000000000000000000000000000000003000000090000000000 
0010001300011Q 012004904390000185ASSOCIACAO PROJETO BRASILEIRO DE DANCA  RUA SANTA CLARA, 378                    JARDIM SANTA RI09941270SAO PAULO      SP                                                        000                    00000000
0010001300012R 010000000000000000000000000000000000000000000000001060620170000000000001260000000000000000000000000000000000000000000000000000000000000000000000000000000000000000000000000000000000000000000000000000000000000000000000         
0010001300013P 010296290000000178772 28509430420490000   7  220000000000000011106201700000000000630000000 02N1505201730000000000000000000002200000000000000000000000000000000000000000000000000000000000000000000000000000003000000090000000000 
0010001300014Q 012022368093000144RICARDO MIGUEL DE PAULA PERES - ME      EST. SALTINHO QUATRO, S/N - CAIXA POSTALBARREIRINHO    13440000SALTINHO       SP                                                        000                    00000000
0010001300015R 010000000000000000000000000000000000000000000000001110620170000000000001260000000000000000000000000000000000000000000000000000000000000000000000000000000000000000000000000000000000000000000000000000000000000000000000         
0010001300016P 010296290000000178772 28509430420500000   7  220000000000000011206201700000000000630000000 02N1505201730000000000000000000002200000000000000000000000000000000000000000000000000000000000000000000000000000003000000090000000000 
0010001300017Q 011000012893968848VALERIA RODRIGUES DOS SANTOS            RUA JOAO CARBONARI JUNIOR 214 BL 28 APTONOVA JUNDIAINOP13210705JUNDIAI        SP                                                        000                    00000000
0010001300018R 010000000000000000000000000000000000000000000000001120620170000000000001260000000000000000000000000000000000000000000000000000000000000000000000000000000000000000000000000000000000000000000000000000000000000000000000         
0010001300019P 010296290000000178772 28509430420510000   7  220000000000000011206201700000000000630000000 02N1505201730000000000000000000002200000000000000000000000000000000000000000000000000000000000000000000000000000003000000090000000000 
0010001300020Q 012023546852000184DMC SERVICOS DE INFORMATICA             RUA PEDRO WIERECK, 15                   AEROPORTO      36038319JUIZ DE FORA   MG                                                        000                    00000000
0010001300021R 010000000000000000000000000000000000000000000000001120620170000000000001260000000000000000000000000000000000000000000000000000000000000000000000000000000000000000000000000000000000000000000000000000000000000000000000         
0010001300022P 010296290000000178772 28509430420520000   7  220000000000000011506201700000000000630000000 02N1505201730000000000000000000002200000000000000000000000000000000000000000000000000000000000000000000000000000003000000090000000000 
0010001300023Q 012012265313000150VC SERVICOS DE ESCRITORIO E APOIO ADMINIRUA 04, NUMERO 20, QUADRA J, COND PARQUEDOM PEDRO      69065061MANAUS         AM                                                        000                    00000000
0010001300024R 010000000000000000000000000000000000000000000000001150620170000000000001260000000000000000000000000000000000000000000000000000000000000000000000000000000000000000000000000000000000000000000000000000000000000000000000         
0010001300025P 010296290000000178772 28509430420530000   7  220000000000000011206201700000000000630000000 02N1505201730000000000000000000002200000000000000000000000000000000000000000000000000000000000000000000000000000003000000090000000000 
0010001300026Q 012017438895000143LUIZ FERNANDO ALVES BARBOSA             CONSELHEIRO JOAO ALFREDO, 349 CASA 02   MACUCO         11015220SANTOS         SP                                                        000                    00000000
0010001300027R 010000000000000000000000000000000000000000000000001120620170000000000001260000000000000000000000000000000000000000000000000000000000000000000000000000000000000000000000000000000000000000000000000000000000000000000000         
0010001300028P 010296290000000178772 28509430420540000   7  220000000000000011706201700000000000630000000 02N1505201730000000000000000000002200000000000000000000000000000000000000000000000000000000000000000000000000000003000000090000000000 
0010001300029Q 012016863651000145BB DESENVOLVIMENTO DE SISTEMAS EIRELI - RUA DR LAURO PIMENTEL, 433              CIDADE UNIVERSI13083250CAMPINAS       SP                                                        000                    00000000
0010001300030R 010000000000000000000000000000000000000000000000001170620170000000000001260000000000000000000000000000000000000000000000000000000000000000000000000000000000000000000000000000000000000000000000000000000000000000000000         
0010001300031P 010296290000000178772 28509430420550000   7  220000000000000011206201700000000000630000000 02N1505201730000000000000000000002200000000000000000000000000000000000000000000000000000000000000000000000000000003000000090000000000 
0010001300032Q 012020307246000118ANDINA CLIMATIZACAO E REFRIGERACAO LTDA RUA DR. ISAMAEL DIAS, 115  CASA 4       GUAIAUNA       03631010SAO PAULO      SP                                                        000                    00000000
0010001300033R 010000000000000000000000000000000000000000000000001120620170000000000001260000000000000000000000000000000000000000000000000000000000000000000000000000000000000000000000000000000000000000000000000000000000000000000000         
00100015         000035                                                                                                                                                                                                                         
00199999         000001000037                                                                                                                                                                                                                   
