00100000         296533310000140002850943001417019  0296290000000178772 CONTADOR AMIGO LTDA. - ME     BANCO DO BRASIL S.A                     115052017170543000000000                                                                          
00100011R01  000 2096533310000140002850943001417019  0296290000000178772 CONTADOR AMIGO LTDA. - ME                                                                                     0000000015052017                                         
0010001300001P 010296290000000178772 28509439018500000   7  220000000000000011705201700000000005880000000 02N1505201720000000000000000000002200000000000000000000000000000000000000000000000000000000000000000000000000000003000000090000000000 
0010001300002Q 011000006012541635JULIANA OLIVEIRA                        RUA JOSE DE SANTANA 100                 CENTRO         38700052PATOS DE MINAS MG                                                        000                    00000000
0010001300003R 010000000000000000000000000000000000000000000000000000000000000000000000000000000000000000000000000000000000000000000000000000000000000000000000000000000000000000000000000000000000000000000000000000000000000000000000         
0010001300004P 010296290000000178772 28509430401170000   7  220000000000000011505201700000000001260000000 02N1505201730000000000000000000000000000000000000000000000000000000000000000000000000000000000000000000000000000003000000090000000000 
0010001300005Q 012000472408000166KES ADM E CORRETORA DE SEGUROS LTDA     RUA VERENA, 197                         VL SANTANA     03614010SAO PAULO      SP                                                        000                    00000000
0010001300006R 010000000000000000000000000000000000000000000000000000000000000000000000000000000000000000000000000000000000000000000000000000000000000000000000000000000000000000000000000000000000000000000000000000000000000000000000         
0010001300007P 010296290000000178772 28509430419840000   7  220000000000000010606201700000000000630000000 02N1505201730000000000000000000002200000000000000000000000000000000000000000000000000000000000000000000000000000003000000090000000000 
0010001300008Q 012005668555000120ANA LUCIA CASTILHO DE ANDRADE ME        RUA TERESOPOLIS, 281 CASA 02            JARDIM MARILEA 28896022RIO DAS OSTRAS RJ                                                        000                    00000000
0010001300009R 010000000000000000000000000000000000000000000000001060620170000000000001260000000000000000000000000000000000000000000000000000000000000000000000000000000000000000000000000000000000000000000000000000000000000000000000         
0010001300010P 010296290000000178772 28509430420740000   7  220000000000000011505201700000000000630000000 02N1505201730000000000000000000000000000000000000000000000000000000000000000000000000000000000000000000000000000003000000090000000000 
0010001300011Q 012024943461000166VINICIUS ROBERTO DA SILVA               RUA THALES DOS SANTOS FREIRE, 923       BAETA NEVES    09751020SAO BERNARDO DOSP                                                        000                    00000000
0010001300012R 010000000000000000000000000000000000000000000000000000000000000000000000000000000000000000000000000000000000000000000000000000000000000000000000000000000000000000000000000000000000000000000000000000000000000000000000         
00100015         000014                                                                                                                                                                                                                         
00199999         000001000016                                                                                                                                                                                                                   
