00100000         296533310000140002850943001417019  0296290000000178772 CONTADOR AMIGO LTDA. - ME     BANCO DO BRASIL S.A                     116052017090546000000000                                                                          
00100011R01  000 2096533310000140002850943001417019  0296290000000178772 CONTADOR AMIGO LTDA. - ME                                                                                     0000000016052017                                         
0010001300001P 010296290000000178772 28509430420390000   7  220000000000000010906201700000000000630000000 02N1605201720000000000000000000002200000000000000000000000000000000000000000000000000000000000000000000000000000003000000090000000000 
0010001300002Q 012021978180000150MARGARETE PAROLA ME                     RUA JOSE GONCALVES GOMIDE, 780          VILA GUILHERME 02075001SAO PAULO      SP                                                        000                    00000000
0010001300003R 010000000000000000000000000000000000000000000000001090620170000000000001260000000000000000000000000000000000000000000000000000000000000000000000000000000000000000000000000000000000000000000000000000000000000000000000         
0010001300004P 010296290000000178772 28509430420890000   7  220000000000000012806201700000000000630000000 02N1605201720000000000000000000002200000000000000000000000000000000000000000000000000000000000000000000000000000003000000090000000000 
0010001300005Q 012020122674000176JOSE CARLOS DE CAMARGO SOCIEDADE DE ADVORUA WASHINGTON LUIS, 253                CENTRO         13460000NOVA ODESSA    SP                                                        000                    00000000
0010001300006R 010000000000000000000000000000000000000000000000001280620170000000000001260000000000000000000000000000000000000000000000000000000000000000000000000000000000000000000000000000000000000000000000000000000000000000000000         
0010001300007P 010296290000000178772 28509430420900000   7  220000000000000011306201700000000000630000000 02N1605201720000000000000000000002200000000000000000000000000000000000000000000000000000000000000000000000000000003000000090000000000 
0010001300008Q 012021295645000179AMAURI SILVEIRA CORREA TECNOLOGIA DA INFRUA DO ARUANA, 67, AP.114-A             PARQUE RESIDENC12246250SAO JOSE DOS CASP                                                        000                    00000000
0010001300009R 010000000000000000000000000000000000000000000000001130620170000000000001260000000000000000000000000000000000000000000000000000000000000000000000000000000000000000000000000000000000000000000000000000000000000000000000         
0010001300010P 010296290000000178772 28509430420910000   7  220000000000000011206201700000000000630000000 02N1605201720000000000000000000002200000000000000000000000000000000000000000000000000000000000000000000000000000003000000090000000000 
0010001300011Q 012019996965000104ROBSON NUNES DE LIMA292661088           RUA IRINA MILCHEV STARBULOV 148         PARQUE GRAJU   04435500SAO PAULO      SP                                                        000                    00000000
0010001300012R 010000000000000000000000000000000000000000000000001120620170000000000001260000000000000000000000000000000000000000000000000000000000000000000000000000000000000000000000000000000000000000000000000000000000000000000000         
0010001300013P 010296290000000178772 28509430420920000   7  220000000000000011306201700000000000630000000 02N1605201720000000000000000000002200000000000000000000000000000000000000000000000000000000000000000000000000000003000000090000000000 
0010001300014Q 011000098334891172JACQUES HULSHOF SAINT MARTIN            RUA ROTA DOS IMIGRANTES, 409, CP 107    CENTRO         13825000HOLAMBRA       SP                                                        000                    00000000
0010001300015R 010000000000000000000000000000000000000000000000001130620170000000000001260000000000000000000000000000000000000000000000000000000000000000000000000000000000000000000000000000000000000000000000000000000000000000000000         
0010001300016P 010296290000000178772 28509430420930000   7  220000000000000011306201700000000000630000000 02N1605201720000000000000000000002200000000000000000000000000000000000000000000000000000000000000000000000000000003000000090000000000 
0010001300017Q 012018034502000107CEZAR AUGUSTO RODRIGUES GONCALVES DA SILRUA ANTONIETA REVOREDO, 463             VILA ELVIRA    04725010SAO PAULO      SP                                                        000                    00000000
0010001300018R 010000000000000000000000000000000000000000000000001130620170000000000001260000000000000000000000000000000000000000000000000000000000000000000000000000000000000000000000000000000000000000000000000000000000000000000000         
0010001300019P 010296290000000178772 28509430420940000   7  220000000000000011606201700000000000630000000 02N1605201720000000000000000000002200000000000000000000000000000000000000000000000000000000000000000000000000000003000000090000000000 
0010001300020Q 012032081994000104D. QUEIROZ DESENHO E ARTE LTDA          RUA PEDRO DE CARVALHO, 820              LINS DE VASCONC20725233RIO DE JANEIRO RJ                                                        000                    00000000
0010001300021R 010000000000000000000000000000000000000000000000001160620170000000000001260000000000000000000000000000000000000000000000000000000000000000000000000000000000000000000000000000000000000000000000000000000000000000000000         
0010001300022P 010296290000000178772 28509430420950000   7  220000000000000011406201700000000000630000000 02N1605201720000000000000000000002200000000000000000000000000000000000000000000000000000000000000000000000000000003000000090000000000 
0010001300023Q 012004182392000108MARIA RENI DE OLIVEIRA GAIA ME          RUA  ANTONIO JOSE BASTOS, 159           PARQUE REGINA  05775120SAO PAULO      SP                                                        000                    00000000
0010001300024R 010000000000000000000000000000000000000000000000001140620170000000000001260000000000000000000000000000000000000000000000000000000000000000000000000000000000000000000000000000000000000000000000000000000000000000000000         
0010001300025P 010296290000000178772 28509430420960000   7  220000000000000011406201700000000000630000000 02N1605201720000000000000000000002200000000000000000000000000000000000000000000000000000000000000000000000000000003000000090000000000 
0010001300026Q 012024709728000155STAINLE_SS - SISTEMAS E SERVICOS LTDA. -RUA CARLOS GOMES, 3492                  VILA YAMADA    14802165ARARAQUARA     SP                                                        000                    00000000
0010001300027R 010000000000000000000000000000000000000000000000001140620170000000000001260000000000000000000000000000000000000000000000000000000000000000000000000000000000000000000000000000000000000000000000000000000000000000000000         
0010001300028P 010296290000000178772 28509430420970000   7  220000000000000011406201700000000000630000000 02N1605201720000000000000000000002200000000000000000000000000000000000000000000000000000000000000000000000000000003000000090000000000 
0010001300029Q 012019644875000154ASCERTY TECNOLOGIA EIRELI ME            AV DOS REMEDIOS, 613 SL 6               V REMEDIOS     06298004OSASCO         SP                                                        000                    00000000
0010001300030R 010000000000000000000000000000000000000000000000001140620170000000000001260000000000000000000000000000000000000000000000000000000000000000000000000000000000000000000000000000000000000000000000000000000000000000000000         
0010001300031P 010296290000000178772 28509430420980000   7  220000000000000011406201700000000000630000000 02N1605201720000000000000000000002200000000000000000000000000000000000000000000000000000000000000000000000000000003000000090000000000 
0010001300032Q 012017490724000163ROSSIANO R CASARIN & CIA LTDA           AV. VENANCIO AIRES 2275                 CENTRO         98803000SANTO ANGELO   RS                                                        000                    00000000
0010001300033R 010000000000000000000000000000000000000000000000001140620170000000000001260000000000000000000000000000000000000000000000000000000000000000000000000000000000000000000000000000000000000000000000000000000000000000000000         
0010001300034P 010296290000000178772 28509430420990000   7  220000000000000011506201700000000000630000000 02N1605201720000000000000000000002200000000000000000000000000000000000000000000000000000000000000000000000000000003000000090000000000 
0010001300035Q 012007414585000135PAULO C MOREIRA ORGANIZACAO E           RUA SACADURA CABRAL,117/906             GAMBOA         20081261RIO DE JANEIRO RJ                                                        000                    00000000
0010001300036R 010000000000000000000000000000000000000000000000001150620170000000000001260000000000000000000000000000000000000000000000000000000000000000000000000000000000000000000000000000000000000000000000000000000000000000000000         
0010001300037P 010296290000000178772 28509430421000000   7  220000000000000011306201700000000000630000000 02N1605201720000000000000000000002200000000000000000000000000000000000000000000000000000000000000000000000000000003000000090000000000 
0010001300038Q 012008800944000155COSTA                                   RUA GERMANIA, 718                       PARQUE NOVO ORA09260250SANTO ANDRE    SP                                                        000                    00000000
0010001300039R 010000000000000000000000000000000000000000000000001130620170000000000001260000000000000000000000000000000000000000000000000000000000000000000000000000000000000000000000000000000000000000000000000000000000000000000000         
0010001300040P 010296290000000178772 28509430421010000   7  220000000000000011306201700000000000630000000 02N1605201720000000000000000000002200000000000000000000000000000000000000000000000000000000000000000000000000000003000000090000000000 
0010001300041Q 012019630465000154DUKA PRESTACAO DE SERVICOS ADMINISTRATIVCARLOS GOMES                            PONTE SAO JOAO 13215001JUNDIAI        SP                                                        000                    00000000
0010001300042R 010000000000000000000000000000000000000000000000001130620170000000000001260000000000000000000000000000000000000000000000000000000000000000000000000000000000000000000000000000000000000000000000000000000000000000000000         
0010001300043P 010296290000000178772 28509430421020000   7  220000000000000011306201700000000000630000000 02N1605201720000000000000000000002200000000000000000000000000000000000000000000000000000000000000000000000000000003000000090000000000 
0010001300044Q 012012903744000103CAIO RODRIGUES DA VINHA SERVICOS DE INFORUA COPARA 21                           VILA SANTO HENR03707050SAO PAULO      SP                                                        000                    00000000
0010001300045R 010000000000000000000000000000000000000000000000001130620170000000000001260000000000000000000000000000000000000000000000000000000000000000000000000000000000000000000000000000000000000000000000000000000000000000000000         
0010001300046P 010296290000000178772 28509430421030000   7  220000000000000011606201700000000000630000000 02N1605201720000000000000000000002200000000000000000000000000000000000000000000000000000000000000000000000000000003000000090000000000 
0010001300047Q 012024943461000166VINICIUS ROBERTO DA SILVA               RUA THALES DOS SANTOS FREIRE, 923       BAETA NEVES    09751020SAO BERNARDO DOSP                                                        000                    00000000
0010001300048R 010000000000000000000000000000000000000000000000001160620170000000000001260000000000000000000000000000000000000000000000000000000000000000000000000000000000000000000000000000000000000000000000000000000000000000000000         
0010001300049P 010296290000000178772 28509430421040000   7  220000000000000011306201700000000001260000000 02N1605201720000000000000000000002200000000000000000000000000000000000000000000000000000000000000000000000000000003000000090000000000 
0010001300050Q 012018837400000111INFOPIRES TELECOM LTDA                  RUA JOSE DE PAULA, LOTE 10 QUADRA 24    PARQUE XEREM   25245550DUQUE DE CAXIASRJ                                                        000                    00000000
0010001300051R 010000000000000000000000000000000000000000000000001130620170000000000002520000000000000000000000000000000000000000000000000000000000000000000000000000000000000000000000000000000000000000000000000000000000000000000000         
00100015         000053                                                                                                                                                                                                                         
00199999         000001000055                                                                                                                                                                                                                   
