00100000         296533310000140002850943001417019  0296290000000178772 CONTADOR AMIGO LTDA. - ME     BANCO DO BRASIL S.A                     116052017160528000000000                                                                          
00100011R01  000 2096533310000140002850943001417019  0296290000000178772 CONTADOR AMIGO LTDA. - ME                                                                                     0000000016052017                                         
0010001300001P 010296290000000178772 28509430420880000   7  220000000000000011006201700000000000630000000 02N1605201720000000000000000000002200000000000000000000000000000000000000000000000000000000000000000000000000000003000000090000000000 
0010001300002Q 012022159705000199ANDRESSA FRONZA ME                      RUA ALFONSO SOUZA E SILVA, 69           AGUA VERDE     89037035BLUMENAU       SC                                                        000                    00000000
0010001300003R 010000000000000000000000000000000000000000000000001100620170000000000001260000000000000000000000000000000000000000000000000000000000000000000000000000000000000000000000000000000000000000000000000000000000000000000000         
0010001300004P 010296290000000178772 28509430410200000   7  220000000000000011805201700000000000630000000 02N1605201730000000000000000000000000000000000000000000000000000000000000000000000000000000000000000000000000000003000000090000000000 
0010001300005Q 011000018164249866FABIANA A DE FREITAS RODRIGUES          RUA JACINTO MACHADO 63 CASA 06          VILA CARMOSINA 08295490SAO PAULO      SP                                                        000                    00000000
0010001300006R 010000000000000000000000000000000000000000000000000000000000000000000000000000000000000000000000000000000000000000000000000000000000000000000000000000000000000000000000000000000000000000000000000000000000000000000000         
0010001300007P 010296290000000178772 28509439018730000   7  220000000000000011805201700000000005390000000 02N1605201730000000000000000000002200000000000000000000000000000000000000000000000000000000000000000000000000000003000000090000000000 
0010001300008Q 012026723075000194SHIRLEI MELO SERVICOS EM INFORMATICA LTDAVENIDA FABIO EDUARDO RAMOS ESQUIVEL, 29CANHEMA        09941202DIADEMA        SP                                                        000                    00000000
0010001300009R 010000000000000000000000000000000000000000000000000000000000000000000000000000000000000000000000000000000000000000000000000000000000000000000000000000000000000000000000000000000000000000000000000000000000000000000000         
00100015         000011                                                                                                                                                                                                                         
00199999         000001000013                                                                                                                                                                                                                   
