00100000         296533310000140002850943001417019  0296290000000178772 CONTADOR AMIGO LTDA. - ME     BANCO DO BRASIL S.A                     116052017180517000000000                                                                          
00100011R01  000 2096533310000140002850943001417019  0296290000000178772 CONTADOR AMIGO LTDA. - ME                                                                                     0000000016052017                                         
0010001300001P 010296290000000178772 28509430421260000   7  220000000000000011605201700000000000630000000 02N1605201720000000000000000000002200000000000000000000000000000000000000000000000000000000000000000000000000000003000000090000000000 
0010001300002Q 011000040496929291ATILA TOLEDO DA FONSECA                 R DEP LAERCIO CORTE 340 APT 13          PARAISO DO MORU05706290SAO PAULO      SP                                                        000                    00000000
0010001300003R 010000000000000000000000000000000000000000000000001160520170000000000001260000000000000000000000000000000000000000000000000000000000000000000000000000000000000000000000000000000000000000000000000000000000000000000000         
00100015         000005                                                                                                                                                                                                                         
00199999         000001000007                                                                                                                                                                                                                   
