00100000         296533310000140002850943001417019  0296290000000178772 CONTADOR AMIGO LTDA. - ME     BANCO DO BRASIL S.A                     117052017170537000000000                                                                          
00100011R01  000 2096533310000140002850943001417019  0296290000000178772 CONTADOR AMIGO LTDA. - ME                                                                                     0000000017052017                                         
0010001300001P 010296290000000178772 28509430403890000   7  220000000000000010107201700000000001890000000 02N1705201720000000000000000000002200000000000000000000000000000000000000000000000000000000000000000000000000000003000000090000000000 
0010001300002Q 012013863435000101PAC PORTO MANUTENCAO DE MAQUIN          RUA DINAMARCA, 308/22                   JARDIM EUROPA  18045400SOROCABA       SP                                                        000                    00000000
0010001300003R 010000000000000000000000000000000000000000000000001010720170000000000003780000000000000000000000000000000000000000000000000000000000000000000000000000000000000000000000000000000000000000000000000000000000000000000000         
0010001300004P 010296290000000178772 28509430412970000   7  220000000000000012405201700000000000630000000 02N1705201720000000000000000000002200000000000000000000000000000000000000000000000000000000000000000000000000000003000000090000000000 
0010001300005Q 012015661260000185ALINE A. ANDRADE SERVICOS EM TECNOLOGIA AV CUPECE 6062 BLOCO 1 APT 51           JARDIM PRUDENCI04366001SAO PAULO      SP                                                        000                    00000000
0010001300006R 010000000000000000000000000000000000000000000000001240520170000000000001260000000000000000000000000000000000000000000000000000000000000000000000000000000000000000000000000000000000000000000000000000000000000000000000         
0010001300007P 010296290000000178772 28509430416130000   7  220000000000000010107201700000000000630000000 02N1705201720000000000000000000002200000000000000000000000000000000000000000000000000000000000000000000000000000003000000090000000000 
0010001300008Q 012008821474000106S.COMM TELECOMUNICACOES LTDA            RUA SOUZA FILHO,304                     VILA UNIAO     02911060SAO PAULO      SP                                                        000                    00000000
0010001300009R 010000000000000000000000000000000000000000000000001010720170000000000001260000000000000000000000000000000000000000000000000000000000000000000000000000000000000000000000000000000000000000000000000000000000000000000000         
0010001300010P 010296290000000178772 28509430419640000   7  220000000000000011006201700000000000630000000 02N1705201720000000000000000000002200000000000000000000000000000000000000000000000000000000000000000000000000000003000000090000000000 
0010001300011Q 011000039581470034NEI TEJERA LISBOA                       RUA FRANCISCO FERRER, 355 / 22          RIO BRANCO     90420140PORTO ALEGRE   RS                                                        000                    00000000
0010001300012R 010000000000000000000000000000000000000000000000001100620170000000000001260000000000000000000000000000000000000000000000000000000000000000000000000000000000000000000000000000000000000000000000000000000000000000000000         
0010001300013P 010296290000000178772 28509430421540000   7  220000000000000011606201700000000000630000000 02N1705201720000000000000000000002200000000000000000000000000000000000000000000000000000000000000000000000000000003000000090000000000 
0010001300014Q 012027358184000112RICARDO LUIZ DA SILVA ZAMBOTTI ME       RUA CASCADO, 38 AP 144 BL 02            VILA ANDRADE   05734040SAO PAULO      SP                                                        000                    00000000
0010001300015R 010000000000000000000000000000000000000000000000001160620170000000000001260000000000000000000000000000000000000000000000000000000000000000000000000000000000000000000000000000000000000000000000000000000000000000000000         
0010001300016P 010296290000000178772 28509430421550000   7  220000000000000011406201700000000000630000000 02N1705201720000000000000000000002200000000000000000000000000000000000000000000000000000000000000000000000000000003000000090000000000 
0010001300017Q 012022565625000133MULTIPLA ADM CORRETORA DE SEGUROS GERAISRUA VILACA 374 - SALA 316               CENTRO         12210902SAO JOSE DOS CASP                                                        000                    00000000
0010001300018R 010000000000000000000000000000000000000000000000001140620170000000000001260000000000000000000000000000000000000000000000000000000000000000000000000000000000000000000000000000000000000000000000000000000000000000000000         
0010001300019P 010296290000000178772 28509430421560000   7  220000000000000011606201700000000000630000000 02N1705201720000000000000000000002200000000000000000000000000000000000000000000000000000000000000000000000000000003000000090000000000 
0010001300020Q 011000058426710930MARCO AURELIO SAMPAIO                   RUA VICTOR GABARDO 134                  UMBARA         81940260CURITIBA       PR                                                        000                    00000000
0010001300021R 010000000000000000000000000000000000000000000000001160620170000000000001260000000000000000000000000000000000000000000000000000000000000000000000000000000000000000000000000000000000000000000000000000000000000000000000         
0010001300022P 010296290000000178772 28509439018820000   7  220000000000000011905201700000000003000000000 02N1705201720000000000000000000002200000000000000000000000000000000000000000000000000000000000000000000000000000003000000090000000000 
0010001300023Q 011000021607061830ALVARO GARCIA BATELLI                   RUA JAPURA, N.21 - APT. 307             BELA VISTA     01319030SAO PAULO      SP                                                        000                    00000000
0010001300024R 010000000000000000000000000000000000000000000000000000000000000000000000000000000000000000000000000000000000000000000000000000000000000000000000000000000000000000000000000000000000000000000000000000000000000000000000         
0010001300025P 010296290000000178772 28509439018830000   7  220000000000000011705201700000000003000000000 02N1705201720000000000000000000002200000000000000000000000000000000000000000000000000000000000000000000000000000003000000090000000000 
0010001300026Q 012022333444100055ASSOCIACAO PROJETO BRASILEIRO DE DANCA  RUA SANTA CLARA, 378                    JARDIM SANTA RI09941270SAO PAULO      SP                                                        000                    00000000
0010001300027R 010000000000000000000000000000000000000000000000000000000000000000000000000000000000000000000000000000000000000000000000000000000000000000000000000000000000000000000000000000000000000000000000000000000000000000000000         
00100015         000029                                                                                                                                                                                                                         
00199999         000001000031                                                                                                                                                                                                                   
