00100000         296533310000140002850943001417019  0296290000000178772 CONTADOR AMIGO LTDA. - ME     BANCO DO BRASIL S.A                     119052017100518000000000                                                                          
00100011R01  000 2096533310000140002850943001417019  0296290000000178772 CONTADOR AMIGO LTDA. - ME                                                                                     0000000019052017                                         
0010001300001P 010296290000000178772 28509430420870000   7  220000000000000011006201700000000000630000000 02N1905201720000000000000000000002200000000000000000000000000000000000000000000000000000000000000000000000000000003000000090000000000 
0010001300002Q 012020427400000195DAYANE JOSELY MOREIRA MARQUES           RUA DONA JOSEFINA Q.24 LT. 1E APT.102 BCJARDIM BELA VIS74912036APARECIDA DE GOGO                                                        000                    00000000
0010001300003R 010000000000000000000000000000000000000000000000001100620170000000000001260000000000000000000000000000000000000000000000000000000000000000000000000000000000000000000000000000000000000000000000000000000000000000000000         
0010001300004P 010296290000000178772 28509430422010000   7  220000000000000012006201700000000000630000000 02N1905201720000000000000000000002200000000000000000000000000000000000000000000000000000000000000000000000000000003000000090000000000 
0010001300005Q 011000005992473718MARCO JOSE DA GLORIA MENDES             CAIXA POSTAL, N  525                    IBES           29108973VILA VELHA     ES                                                        000                    00000000
0010001300006R 010000000000000000000000000000000000000000000000001200620170000000000001260000000000000000000000000000000000000000000000000000000000000000000000000000000000000000000000000000000000000000000000000000000000000000000000         
0010001300007P 010296290000000178772 28509430422320000   7  220000000000000011905201700000000000630000000 02N1905201730000000000000000000000000000000000000000000000000000000000000000000000000000000000000000000000000000003000000090000000000 
0010001300008Q 012011780239000148CUBO SOCIOAMBIENTAL LTDA ME             RUA IBERIA, 642                         VILA ISOLINA MA02082070SAO PAULO      SP                                                        000                    00000000
0010001300009R 010000000000000000000000000000000000000000000000000000000000000000000000000000000000000000000000000000000000000000000000000000000000000000000000000000000000000000000000000000000000000000000000000000000000000000000000         
0010001300010P 010296290000000178772 28509430422410000   7  220000000000000011706201700000000000630000000 02N1905201730000000000000000000002200000000000000000000000000000000000000000000000000000000000000000000000000000003000000090000000000 
0010001300011Q 01200291901800011724 VPS FILMES LTDA ME                   RUA SERGIPE, 447                        CONSOLACAO     01243001SAO PAULO      SP                                                        000                    00000000
0010001300012R 010000000000000000000000000000000000000000000000001170620170000000000001260000000000000000000000000000000000000000000000000000000000000000000000000000000000000000000000000000000000000000000000000000000000000000000000         
0010001300013P 010296290000000178772 28509430422420000   7  220000000000000011706201700000000000630000000 02N1905201730000000000000000000002200000000000000000000000000000000000000000000000000000000000000000000000000000003000000090000000000 
0010001300014Q 011000033025426829FABIO MONTEFUSCOLO                      RUA PAUL HARRIS                         FABIO MONTEFUSC18130750SAO ROQUE      SP                                                        000                    00000000
0010001300015R 010000000000000000000000000000000000000000000000001170620170000000000001260000000000000000000000000000000000000000000000000000000000000000000000000000000000000000000000000000000000000000000000000000000000000000000000         
0010001300016P 010296290000000178772 28509430422430000   7  220000000000000011806201700000000000630000000 02N1905201730000000000000000000002200000000000000000000000000000000000000000000000000000000000000000000000000000003000000090000000000 
0010001300017Q 012014144258000176ADJ ASSESSORIA FINANCEIRA               AV MARECHAL MASCARENHAS DE MORAES       BENTO FERREIRA 29050667VITORIA        ES                                                        000                    00000000
0010001300018R 010000000000000000000000000000000000000000000000001180620170000000000001260000000000000000000000000000000000000000000000000000000000000000000000000000000000000000000000000000000000000000000000000000000000000000000000         
0010001300019P 010296290000000178772 28509430422440000   7  220000000000000012306201700000000000630000000 02N1905201730000000000000000000002200000000000000000000000000000000000000000000000000000000000000000000000000000003000000090000000000 
0010001300020Q 012074589615000131RL MIX AUDIOGRAVACAO E EDUCACAO         AV. BRIG. FARIA LIMA 1616 CJ 1002       JARDIM PAULISTA01451001SAO PAULO      SP                                                        000                    00000000
0010001300021R 010000000000000000000000000000000000000000000000001230620170000000000001260000000000000000000000000000000000000000000000000000000000000000000000000000000000000000000000000000000000000000000000000000000000000000000000         
0010001300022P 010296290000000178772 28509430422450000   7  220000000000000012106201700000000000630000000 02N1905201730000000000000000000002200000000000000000000000000000000000000000000000000000000000000000000000000000003000000090000000000 
0010001300023Q 012014057242000126EQUILIBRE CURSOS E TREINAMENTOS LTDA-ME RUA ANTONIO CARLOS FABER,764            JARDIM PORTAS D13482525LIMEIRA        SP                                                        000                    00000000
0010001300024R 010000000000000000000000000000000000000000000000001210620170000000000001260000000000000000000000000000000000000000000000000000000000000000000000000000000000000000000000000000000000000000000000000000000000000000000000         
00100015         000026                                                                                                                                                                                                                         
00199999         000001000028                                                                                                                                                                                                                   
