00100000         296533310000140002850943001417019  0296290000000178772 CONTADOR AMIGO LTDA. - ME     BANCO DO BRASIL S.A                     119052017180516000000000                                                                          
00100011R01  000 2096533310000140002850943001417019  0296290000000178772 CONTADOR AMIGO LTDA. - ME                                                                                     0000000019052017                                         
0010001300001P 010296290000000178772 28509430422620000   7  220000000000000011905201700000000000630000000 02N1905201720000000000000000000002200000000000000000000000000000000000000000000000000000000000000000000000000000003000000090000000000 
0010001300002Q 011000002557388114MYCHEL DE SOUZA MENDES                  CONDOMINIO BELVEDERE GREEN CJ 01 CS 07 SLAGO SUL       71680380BRASILIA       DF                                                        000                    00000000
0010001300003R 010000000000000000000000000000000000000000000000001190520170000000000001260000000000000000000000000000000000000000000000000000000000000000000000000000000000000000000000000000000000000000000000000000000000000000000000         
0010001300004P 010296290000000178772 28509430422640000   7  220000000000000011905201700000000000630000000 02N1905201720000000000000000000002200000000000000000000000000000000000000000000000000000000000000000000000000000003000000090000000000 
0010001300005Q 011000018164249866FABIANA A DE FREITAS RODRIGUES          RUA JACINTO MACHADO 63 CASA 06          VILA CARMOSINA 08295490SAO PAULO      SP                                                        000                    00000000
0010001300006R 010000000000000000000000000000000000000000000000001190520170000000000001260000000000000000000000000000000000000000000000000000000000000000000000000000000000000000000000000000000000000000000000000000000000000000000000         
0010001300007P 010296290000000178772 28509430422700000   7  220000000000000011905201700000000000630000000 02N1905201720000000000000000000002200000000000000000000000000000000000000000000000000000000000000000000000000000003000000090000000000 
0010001300008Q 012013168773000123WALMIR MIGUEL DA SILVA                  RUA. JOE ALBANO, 41                     VILA PEREIRA BA02937000SAO PAULO      SP                                                        000                    00000000
0010001300009R 010000000000000000000000000000000000000000000000001190520170000000000001260000000000000000000000000000000000000000000000000000000000000000000000000000000000000000000000000000000000000000000000000000000000000000000000         
00100015         000011                                                                                                                                                                                                                         
00199999         000001000013                                                                                                                                                                                                                   
