00100000         296533310000140002850943001417019  0296290000000178772 CONTADOR AMIGO LTDA. - ME     BANCO DO BRASIL S.A                     122052017120554000000000                                                                          
00100011R01  000 2096533310000140002850943001417019  0296290000000178772 CONTADOR AMIGO LTDA. - ME                                                                                     0000000022052017                                         
0010001300001P 010296290000000178772 28509430422650000   7  220000000000000011906201700000000000630000000 02N2205201720000000000000000000002200000000000000000000000000000000000000000000000000000000000000000000000000000003000000090000000000 
0010001300002Q 011000002557388114MYCHEL DE SOUZA MENDES                  CONDOMINIO BELVEDERE GREEN CJ 01 CS 07 SLAGO SUL       71680380BRASILIA       DF                                                        000                    00000000
0010001300003R 010000000000000000000000000000000000000000000000001190620170000000000001260000000000000000000000000000000000000000000000000000000000000000000000000000000000000000000000000000000000000000000000000000000000000000000000         
0010001300004P 010296290000000178772 28509430422730000   7  220000000000000011906201700000000000630000000 02N2205201720000000000000000000002200000000000000000000000000000000000000000000000000000000000000000000000000000003000000090000000000 
0010001300005Q 011000018164249866FABIANA A DE FREITAS RODRIGUES          RUA JACINTO MACHADO 63 CASA 06          VILA CARMOSINA 08295490SAO PAULO      SP                                                        000                    00000000
0010001300006R 010000000000000000000000000000000000000000000000001190620170000000000001260000000000000000000000000000000000000000000000000000000000000000000000000000000000000000000000000000000000000000000000000000000000000000000000         
0010001300007P 010296290000000178772 28509430422950000   7  220000000000000011606201700000000000630000000 02N2205201720000000000000000000002200000000000000000000000000000000000000000000000000000000000000000000000000000003000000090000000000 
0010001300008Q 012005878745000171CARLOS DE OLIVEIRA VALERIO INFORMATICA  RUA SIQUEIRA BUENO, 1162                BELENZINHO     03172010SAO PAULO      SP                                                        000                    00000000
0010001300009R 010000000000000000000000000000000000000000000000001160620170000000000001260000000000000000000000000000000000000000000000000000000000000000000000000000000000000000000000000000000000000000000000000000000000000000000000         
0010001300010P 010296290000000178772 28509430423130000   7  220000000000000011806201700000000000630000000 02N2205201720000000000000000000002200000000000000000000000000000000000000000000000000000000000000000000000000000003000000090000000000 
0010001300011Q 012013866650000166WIPAVILU SERVICOS ADMINISTRATIVOS LTDA -RUA CORONEL JOSE VENANCIO DIAS 827      JARAGUA        05160030SAO PAULO      SP                                                        000                    00000000
0010001300012R 010000000000000000000000000000000000000000000000001180620170000000000001260000000000000000000000000000000000000000000000000000000000000000000000000000000000000000000000000000000000000000000000000000000000000000000000         
0010001300013P 010296290000000178772 28509430423140000   7  220000000000000012306201700000000000630000000 02N2205201720000000000000000000002200000000000000000000000000000000000000000000000000000000000000000000000000000003000000090000000000 
0010001300014Q 011000009225082835MARCIO LUIS DE AGUIAR                   RUA JOAO THOMAZINI, 165                 JARDIM MEXICO  13253430ITATIBA        SP                                                        000                    00000000
0010001300015R 010000000000000000000000000000000000000000000000001230620170000000000001260000000000000000000000000000000000000000000000000000000000000000000000000000000000000000000000000000000000000000000000000000000000000000000000         
0010001300016P 010296290000000178772 28509430423150000   7  220000000000000011806201700000000000630000000 02N2205201720000000000000000000002200000000000000000000000000000000000000000000000000000000000000000000000000000003000000090000000000 
0010001300017Q 012012892839000160CARLOS ROFRANDSON CAMPOS ROSA           RUA CORREIA DE ARAUJO, 400              LIBERDADE      65035100SAO LUIS       MA                                                        000                    00000000
0010001300018R 010000000000000000000000000000000000000000000000001180620170000000000001260000000000000000000000000000000000000000000000000000000000000000000000000000000000000000000000000000000000000000000000000000000000000000000000         
0010001300019P 010296290000000178772 28509430423160000   7  220000000000000011906201700000000000630000000 02N2205201720000000000000000000002200000000000000000000000000000000000000000000000000000000000000000000000000000003000000090000000000 
0010001300020Q 012024900394000100JULIA DE ABREU PINHEIRO ASSESSORIA - ME RUA PROFESSOR DIRCEU PORTELA AZEREDO, 17CENTRO         33400000LAGOA SANTA    MG                                                        000                    00000000
0010001300021R 010000000000000000000000000000000000000000000000001190620170000000000001260000000000000000000000000000000000000000000000000000000000000000000000000000000000000000000000000000000000000000000000000000000000000000000000         
0010001300022P 010296290000000178772 28509430423170000   7  220000000000000011906201700000000000630000000 02N2205201720000000000000000000002200000000000000000000000000000000000000000000000000000000000000000000000000000003000000090000000000 
0010001300023Q 012022684705000108DANIEL ANTUNES PAIVA ITAPETININGA ME    RUA ANTONIO AVELINO DA COSTA, 321       VILA VENDRAMINI18213300ITAPETININGA   SP                                                        000                    00000000
0010001300024R 010000000000000000000000000000000000000000000000001190620170000000000001260000000000000000000000000000000000000000000000000000000000000000000000000000000000000000000000000000000000000000000000000000000000000000000000         
0010001300025P 010296290000000178772 28509430423180000   7  220000000000000011906201700000000000630000000 02N2205201720000000000000000000002200000000000000000000000000000000000000000000000000000000000000000000000000000003000000090000000000 
0010001300026Q 012025133891000185MELISSA MARTINS DA SILVA 02601335904    AV MAURO KREPSKI, 635 FUNDOS            JARDIM YPE     13140540PAULINIA       SP                                                        000                    00000000
0010001300027R 010000000000000000000000000000000000000000000000001190620170000000000001260000000000000000000000000000000000000000000000000000000000000000000000000000000000000000000000000000000000000000000000000000000000000000000000         
0010001300028P 010296290000000178772 28509430423330000   7  220000000000000012205201700000000005880000000 02N2205201730000000000000000000000000000000000000000000000000000000000000000000000000000000000000000000000000000003000000090000000000 
0010001300029Q 012026695027100030PONCIANO DA MATA AVALIACOES E PERICIAS ERUA SAO JOAQUIM, 323 APT 502            SAGRADA FAMILIA31035470BELO HORIZONTE MG                                                        000                    00000000
0010001300030R 010000000000000000000000000000000000000000000000000000000000000000000000000000000000000000000000000000000000000000000000000000000000000000000000000000000000000000000000000000000000000000000000000000000000000000000000         
0010001300031P 010296290000000178772 28509439019080000   7  220000000000000012205201700000000001313600000 02N2205201730000000000000000000002200000000000000000000000000000000000000000000000000000000000000000000000000000003000000090000000000 
0010001300032Q 011000009438827706FLAVIA CRISTINA PINTO TRAJANO           RUA BARAO DE COTEGIPE 594 APT 302       VILA ISABEL    20560080RIO DE JANEIRO RJ                                                        000                    00000000
0010001300033R 010000000000000000000000000000000000000000000000000000000000000000000000000000000000000000000000000000000000000000000000000000000000000000000000000000000000000000000000000000000000000000000000000000000000000000000000         
0010001300034P 010296290000000178772 28509439019090000   7  220000000000000012205201700000000001327000000 02N2205201730000000000000000000002200000000000000000000000000000000000000000000000000000000000000000000000000000003000000090000000000 
0010001300035Q 011000009438827706FLAVIA CRISTINA PINTO TRAJANO           RUA BARAO DE COTEGIPE 594 APT 302       VILA ISABEL    20560080RIO DE JANEIRO RJ                                                        000                    00000000
0010001300036R 010000000000000000000000000000000000000000000000000000000000000000000000000000000000000000000000000000000000000000000000000000000000000000000000000000000000000000000000000000000000000000000000000000000000000000000000         
00100015         000038                                                                                                                                                                                                                         
00199999         000001000040                                                                                                                                                                                                                   
