00100000         296533310000140002850943001417019  0296290000000178772 CONTADOR AMIGO LTDA. - ME     BANCO DO BRASIL S.A                     123052017170512000000000                                                                          
00100011R01  000 2096533310000140002850943001417019  0296290000000178772 CONTADOR AMIGO LTDA. - ME                                                                                     0000000023052017                                         
0010001300001P 010296290000000178772 28509430423590000   7  220000000000000012006201700000000000630000000 02N2305201720000000000000000000002200000000000000000000000000000000000000000000000000000000000000000000000000000003000000090000000000 
0010001300002Q 012019236385000119CAROLINA DE L A SLEMER                  RUA OSCAR FREIRE                        PINHEIROS      05409010SAO PAULO      SP                                                        000                    00000000
0010001300003R 010000000000000000000000000000000000000000000000001200620170000000000001260000000000000000000000000000000000000000000000000000000000000000000000000000000000000000000000000000000000000000000000000000000000000000000000         
0010001300004P 010296290000000178772 28509430417730000   7  220000000000000010206201700000000000630000000 02N2305201720000000000000000000002200000000000000000000000000000000000000000000000000000000000000000000000000000003000000090000000000 
0010001300005Q 012008350863000109CRIATIVOS SERVICOS EM MULTIMIDIA LTDA   RUA COSTEIRA, 925                       JD. ARIZE      03573010SAO PAULO      SP                                                        000                    00000000
0010001300006R 010000000000000000000000000000000000000000000000001020620170000000000001260000000000000000000000000000000000000000000000000000000000000000000000000000000000000000000000000000000000000000000000000000000000000000000000         
0010001300007P 010296290000000178772 28509430418490000   7  220000000000000010306201700000000000630000000 02N2305201720000000000000000000002200000000000000000000000000000000000000000000000000000000000000000000000000000003000000090000000000 
0010001300008Q 012013743883000171USER TECNOLOGIA DA INFORMACAO & COMUNICARICARDO SANTOS, NUMERO 82               MUTUA          24461150SAO GONCALO    RJ                                                        000                    00000000
0010001300009R 010000000000000000000000000000000000000000000000001030620170000000000001260000000000000000000000000000000000000000000000000000000000000000000000000000000000000000000000000000000000000000000000000000000000000000000000         
0010001300010P 010296290000000178772 28509430419090000   7  220000000000000010406201700000000000630000000 02N2305201720000000000000000000002200000000000000000000000000000000000000000000000000000000000000000000000000000003000000090000000000 
0010001300011Q 012023035743000100RIMA FISIOTERAPIA E SERVICOS EIRELI EPP RUA ROCHA POMBO , 245 C 12              JD PILAR       09185750SANTO ANDRE    SP                                                        000                    00000000
0010001300012R 010000000000000000000000000000000000000000000000001040620170000000000001260000000000000000000000000000000000000000000000000000000000000000000000000000000000000000000000000000000000000000000000000000000000000000000000         
0010001300013P 010296290000000178772 28509430419850000   7  220000000000000010606201700000000000630000000 02N2305201720000000000000000000002200000000000000000000000000000000000000000000000000000000000000000000000000000003000000090000000000 
0010001300014Q 012000472236000120PAULO IVO SILVA                         RUA FREI MELCHIOR 117 AP1               JARDIM SAO PAUL02041060SAO PAULO      SP                                                        000                    00000000
0010001300015R 010000000000000000000000000000000000000000000000001060620170000000000001260000000000000000000000000000000000000000000000000000000000000000000000000000000000000000000000000000000000000000000000000000000000000000000000         
0010001300016P 010296290000000178772 28509430422370000   7  220000000000000011306201700000000000630000000 02N2305201720000000000000000000002200000000000000000000000000000000000000000000000000000000000000000000000000000003000000090000000000 
0010001300017Q 012012970431000160JOAO ALFREDO DE ASSIS                   RUA ETELVINA FERREIRA DA CONCEICAO      VILA DYLZE     18112420VOTORANTIM     SP                                                        000                    00000000
0010001300018R 010000000000000000000000000000000000000000000000001130620170000000000001260000000000000000000000000000000000000000000000000000000000000000000000000000000000000000000000000000000000000000000000000000000000000000000000         
0010001300019P 010296290000000178772 28509430423600000   7  220000000000000012606201700000000000630000000 02N2305201720000000000000000000002200000000000000000000000000000000000000000000000000000000000000000000000000000003000000090000000000 
0010001300020Q 012000629574000123MOTIF TECNICA LTDA - ME                 RUA COMENDADOR JOSE ALVES FERREIRA, 66 -GARCIA         40100160SALVADOR       BA                                                        000                    00000000
0010001300021R 010000000000000000000000000000000000000000000000001260620170000000000001260000000000000000000000000000000000000000000000000000000000000000000000000000000000000000000000000000000000000000000000000000000000000000000000         
0010001300022P 010296290000000178772 28509430423610000   7  220000000000000012006201700000000000630000000 02N2305201720000000000000000000002200000000000000000000000000000000000000000000000000000000000000000000000000000003000000090000000000 
0010001300023Q 012011933128000124JACQUELINE SOUZA DE OLIVEIRA            RUA DIAS VIEIRA, 525                    VILA SONIA     05632091SAO PAULO      SP                                                        000                    00000000
0010001300024R 010000000000000000000000000000000000000000000000001200620170000000000001260000000000000000000000000000000000000000000000000000000000000000000000000000000000000000000000000000000000000000000000000000000000000000000000         
0010001300025P 010296290000000178772 28509430423620000   7  220000000000000012106201700000000000630000000 02N2305201720000000000000000000002200000000000000000000000000000000000000000000000000000000000000000000000000000003000000090000000000 
0010001300026Q 012017150507000124FERNANDO DAVID LEITE ME                 RUA FAZENDA MONTE ALEGRE, 107           PIRITUBA       05160060SAO PAULO      SP                                                        000                    00000000
0010001300027R 010000000000000000000000000000000000000000000000001210620170000000000001260000000000000000000000000000000000000000000000000000000000000000000000000000000000000000000000000000000000000000000000000000000000000000000000         
0010001300028P 010296290000000178772 28509430423630000   7  220000000000000012206201700000000000630000000 02N2305201720000000000000000000002200000000000000000000000000000000000000000000000000000000000000000000000000000003000000090000000000 
0010001300029Q 012010867998000180DT COMUNICACAO DIGITAL EPP - LTDA       RUA PREFEITO DANIEL PORTELA, 554        JARDIM IZABEL  87309180CAMPO MOURAO   PR                                                        000                    00000000
0010001300030R 010000000000000000000000000000000000000000000000001220620170000000000001260000000000000000000000000000000000000000000000000000000000000000000000000000000000000000000000000000000000000000000000000000000000000000000000         
0010001300031P 010296290000000178772 28509430423640000   7  220000000000000012106201700000000000630000000 02N2305201720000000000000000000002200000000000000000000000000000000000000000000000000000000000000000000000000000003000000090000000000 
0010001300032Q 0120233000390001202GPR ENGENHARIA E CONSULTORIA LTDA-ME   RUA JAIME BENEVOLO 71 - AP 203          ENGENHO DE DENT20730330RIO DE JANEIRO RJ                                                        000                    00000000
0010001300033R 010000000000000000000000000000000000000000000000001210620170000000000001260000000000000000000000000000000000000000000000000000000000000000000000000000000000000000000000000000000000000000000000000000000000000000000000         
0010001300034P 010296290000000178772 28509430423650000   7  220000000000000012306201700000000000630000000 02N2305201720000000000000000000002200000000000000000000000000000000000000000000000000000000000000000000000000000003000000090000000000 
0010001300035Q 012023708476000187BONATO, PEREIRA & DO VAL SOCIEDADE DE ADRUA CAPITAO CIRILO LOBATO, 200          CENTRO         12020100TAUBATE        SP                                                        000                    00000000
0010001300036R 010000000000000000000000000000000000000000000000001230620170000000000001260000000000000000000000000000000000000000000000000000000000000000000000000000000000000000000000000000000000000000000000000000000000000000000000         
0010001300037P 010296290000000178772 28509430422390000   7  220000000000000011806201700000000001890000000 02N2305201720000000000000000000002200000000000000000000000000000000000000000000000000000000000000000000000000000003000000090000000000 
0010001300038Q 012019892084000143XVI CONSULTORIA TREINAMENTO E DESENVOLVIAV LIGIA LATUF SALOMAO 375              JD JOAO ROSSI  14026520RIBEIRAO PRETO SP                                                        000                    00000000
0010001300039R 010000000000000000000000000000000000000000000000001180620170000000000003780000000000000000000000000000000000000000000000000000000000000000000000000000000000000000000000000000000000000000000000000000000000000000000000         
0010001300040P 010296290000000178772 28509431397470000   7  220000000000000012305201700000000000727600000 02N2305201720000000000000000000002200000000000000000000000000000000000000000000000000000000000000000000000000000003000000090000000000 
0010001300041Q 012003950160000190M MARSON DAMIAO INTERNET ME             RUA GUSTAVO DE VASCONCELLOS             LOTEAMENTO MARS13901170AMPARO         SP                                                        000                    00000000
0010001300042R 010000000000000000000000000000000000000000000000000000000000000000000000000000000000000000000000000000000000000000000000000000000000000000000000000000000000000000000000000000000000000000000000000000000000000000000000         
0010001300043P 010296290000000178772 28509430423820000   7  220000000000000012305201700000000000630000000 02N2305201720000000000000000000002200000000000000000000000000000000000000000000000000000000000000000000000000000003000000090000000000 
0010001300044Q 011000019215767827RICHARD SAN JUAN                        RUA FREI FELICISSIMO DE PRADA, 115      ALGODOAL       13405407PIRACICABA     SP                                                        000                    00000000
0010001300045R 010000000000000000000000000000000000000000000000001230520170000000000001260000000000000000000000000000000000000000000000000000000000000000000000000000000000000000000000000000000000000000000000000000000000000000000000         
0010001300046P 010296290000000178772 28509439019250000   7  220000000000000012405201700000000003000000000 02N2305201720000000000000000000002200000000000000000000000000000000000000000000000000000000000000000000000000000003000000090000000000 
0010001300047Q 011000007339676635CAMILA TERESA MARTUCHELI                RUA IMPERIO, 63, APT 501                INCONFIDENTES  32260420CONTAGEM       MG                                                        000                    00000000
0010001300048R 010000000000000000000000000000000000000000000000000000000000000000000000000000000000000000000000000000000000000000000000000000000000000000000000000000000000000000000000000000000000000000000000000000000000000000000000         
00100015         000050                                                                                                                                                                                                                         
00199999         000001000052                                                                                                                                                                                                                   
