00100000         296533310000140002850943001417019  0296290000000178772 CONTADOR AMIGO LTDA. - ME     BANCO DO BRASIL S.A                     124052017100536000000000                                                                          
00100011R01  000 2096533310000140002850943001417019  0296290000000178772 CONTADOR AMIGO LTDA. - ME                                                                                     0000000024052017                                         
0010001300001P 010296290000000178772 28509430423950000   7  220000000000000011806201700000000000630000000 02N2405201720000000000000000000002200000000000000000000000000000000000000000000000000000000000000000000000000000003000000090000000000 
0010001300002Q 011000081701349868JULIO JOSE ARAUJO                       RUA OLIVEIRA ALVES, 400  APTO 73        IPIRANGA       04210060SAO PAULO      SP                                                        000                    00000000
0010001300003R 010000000000000000000000000000000000000000000000001180620170000000000001260000000000000000000000000000000000000000000000000000000000000000000000000000000000000000000000000000000000000000000000000000000000000000000000         
0010001300004P 010296290000000178772 28509430415440000   7  220000000000000012605201700000000000630000000 02N2405201720000000000000000000002200000000000000000000000000000000000000000000000000000000000000000000000000000003000000090000000000 
0010001300005Q 012013634454000166EVARLEY WAGNER DA FONSECA               RUA ADOLFO LUTZ, 168                    PONTA DA PRAIA 11035060SANTOS         SP                                                        000                    00000000
0010001300006R 010000000000000000000000000000000000000000000000001260520170000000000001260000000000000000000000000000000000000000000000000000000000000000000000000000000000000000000000000000000000000000000000000000000000000000000000         
0010001300007P 010296290000000178772 28509430417750000   7  220000000000000010206201700000000000630000000 02N2405201720000000000000000000002200000000000000000000000000000000000000000000000000000000000000000000000000000003000000090000000000 
0010001300008Q 012013312473000176ALAN POMPILHO LIMA ME                   RUA WASHINGTON LUIZ, 1371 AP 204        VILA JONES     13465520AMERICANA      SP                                                        000                    00000000
0010001300009R 010000000000000000000000000000000000000000000000001020620170000000000001260000000000000000000000000000000000000000000000000000000000000000000000000000000000000000000000000000000000000000000000000000000000000000000000         
0010001300010P 010296290000000178772 28509430418470000   7  220000000000000010306201700000000000630000000 02N2405201720000000000000000000002200000000000000000000000000000000000000000000000000000000000000000000000000000003000000090000000000 
0010001300011Q 011000009438827706FLAVIA CRISTINA PINTO TRAJANO           RUA BARAO DE COTEGIPE 594 APT 302       VILA ISABEL    20560080RIO DE JANEIRO RJ                                                        000                    00000000
0010001300012R 010000000000000000000000000000000000000000000000001030620170000000000001260000000000000000000000000000000000000000000000000000000000000000000000000000000000000000000000000000000000000000000000000000000000000000000000         
0010001300013P 010296290000000178772 28509430419190000   7  220000000000000011006201700000000000630000000 02N2405201720000000000000000000002200000000000000000000000000000000000000000000000000000000000000000000000000000003000000090000000000 
0010001300014Q 012015624664000107OFFICE PROJETORES COM E SERV LTDA       RUA FRANCISCO BASILIO DE MELO 277 PRQ SAPARQUE MARIA DO05128200SAO PAULO      SP                                                        000                    00000000
0010001300015R 010000000000000000000000000000000000000000000000001100620170000000000001260000000000000000000000000000000000000000000000000000000000000000000000000000000000000000000000000000000000000000000000000000000000000000000000         
0010001300016P 010296290000000178772 28509430423720000   7  220000000000000011906201700000000000630000000 02N2405201720000000000000000000002200000000000000000000000000000000000000000000000000000000000000000000000000000003000000090000000000 
0010001300017Q 012020380613000109DANIEL RAHAL MARTINS BARBOSA SERVICOS   RUA AIMBERE 1893                        SUMARE         01258020SAO PAULO      SP                                                        000                    00000000
0010001300018R 010000000000000000000000000000000000000000000000001190620170000000000001260000000000000000000000000000000000000000000000000000000000000000000000000000000000000000000000000000000000000000000000000000000000000000000000         
0010001300019P 010296290000000178772 28509430424010000   7  220000000000000011906201700000000000630000000 02N2405201720000000000000000000002200000000000000000000000000000000000000000000000000000000000000000000000000000003000000090000000000 
0010001300020Q 012012145472000111MANGO INTERCAMBIOS                      AV. JOSE MONTEIRO DE FIQGUEIREDO        DUQUE DE CAXIAS78043300CUIABA         MT                                                        000                    00000000
0010001300021R 010000000000000000000000000000000000000000000000001190620170000000000001260000000000000000000000000000000000000000000000000000000000000000000000000000000000000000000000000000000000000000000000000000000000000000000000         
0010001300022P 010296290000000178772 28509430424020000   7  220000000000000011906201700000000000630000000 02N2405201720000000000000000000002200000000000000000000000000000000000000000000000000000000000000000000000000000003000000090000000000 
0010001300023Q 012002714127000106SECKLERBELL COMERCIAL LTDA              R. ROBERTO DUARTE RIBAS, 97 CJ 52       VL. LIVIEIRO   04185190SAO PAULO      SP                                                        000                    00000000
0010001300024R 010000000000000000000000000000000000000000000000001190620170000000000001260000000000000000000000000000000000000000000000000000000000000000000000000000000000000000000000000000000000000000000000000000000000000000000000         
0010001300025P 010296290000000178772 28509430424030000   7  220000000000000012506201700000000000630000000 02N2405201720000000000000000000002200000000000000000000000000000000000000000000000000000000000000000000000000000003000000090000000000 
0010001300026Q 012017839113000188NELY BACIC CAVALCANTE - ME              RUA CROATA, 451 APTO 41                 VILA IPOJUCA   05056020SAO PAULO      SP                                                        000                    00000000
0010001300027R 010000000000000000000000000000000000000000000000001250620170000000000001260000000000000000000000000000000000000000000000000000000000000000000000000000000000000000000000000000000000000000000000000000000000000000000000         
0010001300028P 010296290000000178772 28509430424040000   7  220000000000000012806201700000000000630000000 02N2405201720000000000000000000002200000000000000000000000000000000000000000000000000000000000000000000000000000003000000090000000000 
0010001300029Q 012014081841000185SUPERBLUE SERVICOS DE FOTOGRAFIA LTDA - RUA HUMBERTO DE CAMPOS, 827/331         LEBLON         22430190RIO DE JANEIRO RJ                                                        000                    00000000
0010001300030R 010000000000000000000000000000000000000000000000001280620170000000000001260000000000000000000000000000000000000000000000000000000000000000000000000000000000000000000000000000000000000000000000000000000000000000000000         
0010001300031P 010296290000000178772 28509430424050000   7  220000000000000012806201700000000000630000000 02N2405201720000000000000000000002200000000000000000000000000000000000000000000000000000000000000000000000000000003000000090000000000 
0010001300032Q 012015918133000119LR SAUDE OCUPACIONAL LTDA               RUA CLAUDIO DE ALBUQUERQUE LIMA, 533    SAO LUIZ       57301220ARAPIRACA      AL                                                        000                    00000000
0010001300033R 010000000000000000000000000000000000000000000000001280620170000000000001260000000000000000000000000000000000000000000000000000000000000000000000000000000000000000000000000000000000000000000000000000000000000000000000         
0010001300034P 010296290000000178772 28509430424060000   7  220000000000000012506201700000000001260000000 02N2405201720000000000000000000002200000000000000000000000000000000000000000000000000000000000000000000000000000003000000090000000000 
0010001300035Q 012026926955000168DINAMICA ADMINISTRACAO DE CONDOMINIOS LTRUA EUNICE FERRAZ FERNANDES,152         JARDIM DO LAGO 12914500BRAGANCA PAULISSP                                                        000                    00000000
0010001300036R 010000000000000000000000000000000000000000000000001250620170000000000002520000000000000000000000000000000000000000000000000000000000000000000000000000000000000000000000000000000000000000000000000000000000000000000000         
0010001300037P 010296290000000178772 28509430424070000   7  220000000000000012306201700000000000630000000 02N2405201720000000000000000000002200000000000000000000000000000000000000000000000000000000000000000000000000000003000000090000000000 
0010001300038Q 011000019215767827RICHARD SAN JUAN                        RUA FREI FELICISSIMO DE PRADA, 115      ALGODOAL       13405407PIRACICABA     SP                                                        000                    00000000
0010001300039R 010000000000000000000000000000000000000000000000001230620170000000000001260000000000000000000000000000000000000000000000000000000000000000000000000000000000000000000000000000000000000000000000000000000000000000000000         
00100015         000041                                                                                                                                                                                                                         
00199999         000001000043                                                                                                                                                                                                                   
