00100000         296533310000140002850943001417019  0296290000000178772 CONTADOR AMIGO LTDA. - ME     BANCO DO BRASIL S.A                     125052017180544000000000                                                                          
00100011R01  000 2096533310000140002850943001417019  0296290000000178772 CONTADOR AMIGO LTDA. - ME                                                                                     0000000025052017                                         
0010001300001P 010296290000000178772 28509430417800000   7  220000000000000013005201700000000000630000000 02N2505201720000000000000000000002200000000000000000000000000000000000000000000000000000000000000000000000000000003000000090000000000 
0010001300002Q 012021945666000192LENICE NOGUEIRA MAGALHAES BATISTA 105348AV ENGENHEIRO THOMAZ MAGALHAES          SITIO DA FIGUEI03211020SAO PAULO      SP                                                        000                    00000000
0010001300003R 010000000000000000000000000000000000000000000000001300520170000000000001260000000000000000000000000000000000000000000000000000000000000000000000000000000000000000000000000000000000000000000000000000000000000000000000         
0010001300004P 010296290000000178772 28509430424450000   7  220000000000000012406201700000000005880000000 02N2505201730000000000000000000000000000000000000000000000000000000000000000000000000000000000000000000000000000003000000090000000000 
0010001300005Q 011000021517408890JULIANA HOMEM PADILHA                   RUA VERGUEIRO, 1353 CONJ 904 TORRE NORTEPARAISO        04101000SAO PAULO      SP                                                        000                    00000000
0010001300006R 010000000000000000000000000000000000000000000000000000000000000000000000000000000000000000000000000000000000000000000000000000000000000000000000000000000000000000000000000000000000000000000000000000000000000000000000         
0010001300007P 010296290000000178772 28509439019470000   7  220000000000000012505201700000000004000000000 02N2505201730000000000000000000000000000000000000000000000000000000000000000000000000000000000000000000000000000003000000090000000000 
0010001300008Q 011000029675087803PAULO MASSI DALLARI                     RUA SAO CARLOS DO PINHAL, 152           BELA VISTA     01333000SAO PAULO      SP                                                        000                    00000000
0010001300009R 010000000000000000000000000000000000000000000000000000000000000000000000000000000000000000000000000000000000000000000000000000000000000000000000000000000000000000000000000000000000000000000000000000000000000000000000         
00100015         000011                                                                                                                                                                                                                         
00199999         000001000013                                                                                                                                                                                                                   
