00100000         296533310000140002850943001417019  0296290000000178772 CONTADOR AMIGO LTDA. - ME     BANCO DO BRASIL S.A                     126052017100528000000000                                                                          
00100011R01  000 2096533310000140002850943001417019  0296290000000178772 CONTADOR AMIGO LTDA. - ME                                                                                     0000000026052017                                         
0010001300001P 010296290000000178772 28509432395150000   7  220000000000000012605201700000000000743000000 02N2605201720000000000000000000002200000000000000000000000000000000000000000000000000000000000000000000000000000003000000090000000000 
0010001300002Q 012003405986000178HSN INFORMATICA LTD                     SCLN 313 BLOCO A                        ASA NORTE      70766510BRASILIA       DF                                                        000                    00000000
0010001300003R 010000000000000000000000000000000000000000000000000000000000000000000000000000000000000000000000000000000000000000000000000000000000000000000000000000000000000000000000000000000000000000000000000000000000000000000000         
0010001300004P 010296290000000178772 28509430424610000   7  220000000000000012606201700000000000630000000 02N2605201720000000000000000000002200000000000000000000000000000000000000000000000000000000000000000000000000000003000000090000000000 
0010001300005Q 012025080323000163KAVOKI SERVICOS DE INTERNET LTDA - ME   RUA ALEXANDRE DE GUSMAO, 785B           CONDOMINIO SAO 06706080COTIA          SP                                                        000                    00000000
0010001300006R 010000000000000000000000000000000000000000000000001260620170000000000001260000000000000000000000000000000000000000000000000000000000000000000000000000000000000000000000000000000000000000000000000000000000000000000000         
0010001300007P 010296290000000178772 28509430424620000   7  220000000000000012806201700000000000630000000 02N2605201720000000000000000000002200000000000000000000000000000000000000000000000000000000000000000000000000000003000000090000000000 
0010001300008Q 012005464673000116DUCORE SISTEMAS DE IMPRESSAO LTDA-ME    RUA MARINA ESTON,0114                   JARDIM PERI    02634030SAO PAULO      SP                                                        000                    00000000
0010001300009R 010000000000000000000000000000000000000000000000001280620170000000000001260000000000000000000000000000000000000000000000000000000000000000000000000000000000000000000000000000000000000000000000000000000000000000000000         
00100015         000011                                                                                                                                                                                                                         
00199999         000001000013                                                                                                                                                                                                                   
