00100000         296533310000140002850943001417019  0296290000000178772 CONTADOR AMIGO LTDA. - ME     BANCO DO BRASIL S.A                     109062017140621000000000                                                                          
00100011R01  000 2096533310000140002850943001417019  0296290000000178772 CONTADOR AMIGO LTDA. - ME                                                                                     0000000009062017                                         
0010001300001P 010296290000000178772 28509430428210000   7  220000000000000010907201700000000000630000000 02N0906201720000000000000000000002200000000000000000000000000000000000000000000000000000000000000000000000000000003000000090000000000 
0010001300002Q 011000033510337883ADILSON AZEVEDO SOARES 33510337883      AV. ENGENHEIRO GERCINO HUGO CAPARELLI, 5VILA SAO JORGE 11085750SANTOS         SP                                                        000                    00000000
0010001300003R 010000000000000000000000000000000000000000000000001090720170000000000001260000000000000000000000000000000000000000000000000000000000000000000000000000000000000000000000000000000000000000000000000000000000000000000000         
0010001300004P 010296290000000178772 28509430429450000   7  220000000000000010807201700000000000630000000 02N0906201720000000000000000000002200000000000000000000000000000000000000000000000000000000000000000000000000000003000000090000000000 
0010001300005Q 011000029988619898MARCIO RIBEIRO DA CRUZ                  RUA SIMAO ALVES DE ALMEIDA 148          JARDIM MODELO  05867490SAO PAULO      SP                                                        000                    00000000
0010001300006R 010000000000000000000000000000000000000000000000001080720170000000000001260000000000000000000000000000000000000000000000000000000000000000000000000000000000000000000000000000000000000000000000000000000000000000000000         
0010001300007P 010296290000000178772 28509430429600000   7  220000000000000010307201700000000000630000000 02N0906201720000000000000000000002200000000000000000000000000000000000000000000000000000000000000000000000000000003000000090000000000 
0010001300008Q 012004693505000130RS TRANSFER VIAGENS LTDA - ME           AVENIDA SAO JOAO, 323                   VILA ADYANNA   12242840SAO JOSE DOS CASP                                                        000                    00000000
0010001300009R 010000000000000000000000000000000000000000000000001030720170000000000001260000000000000000000000000000000000000000000000000000000000000000000000000000000000000000000000000000000000000000000000000000000000000000000000         
0010001300010P 010296290000000178772 28509430429650000   7  220000000000000010807201700000000000630000000 02N0906201720000000000000000000002200000000000000000000000000000000000000000000000000000000000000000000000000000003000000090000000000 
0010001300011Q 012004217515000107GRAFICA BR LTDA, ME                     RUA CAROLINA FLORENCE 1461              VILA NOVA      13073076CAMPINAS       SP                                                        000                    00000000
0010001300012R 010000000000000000000000000000000000000000000000001080720170000000000001260000000000000000000000000000000000000000000000000000000000000000000000000000000000000000000000000000000000000000000000000000000000000000000000         
0010001300013P 010296290000000178772 28509439027270000   7  220000000000000010906201700000000001302800000 02N0906201720000000000000000000002200000000000000000000000000000000000000000000000000000000000000000000000000000003000000090000000000 
0010001300014Q 012019099781000141IMOBILIARIA CAMPO LARGO                 AVENIDA PEDRO PIRES DE MELO, 793        CAMPO LARGO    18160000SALTO DE PIRAPOSP                                                        000                    00000000
0010001300015R 010000000000000000000000000000000000000000000000000000000000000000000000000000000000000000000000000000000000000000000000000000000000000000000000000000000000000000000000000000000000000000000000000000000000000000000000         
00100015         000017                                                                                                                                                                                                                         
00199999         000001000019                                                                                                                                                                                                                   
