00100000         296533310000140002850943001417019  0296290000000178772 CONTADOR AMIGO LTDA. - ME     BANCO DO BRASIL S.A                     113062017080602000000000                                                                          
00100011R01  000 2096533310000140002850943001417019  0296290000000178772 CONTADOR AMIGO LTDA. - ME                                                                                     0000000013062017                                         
0010001300001P 010296290000000178772 28509430422970000   7  220000000000000011606201700000000000630000000 02N1306201720000000000000000000002200000000000000000000000000000000000000000000000000000000000000000000000000000003000000090000000000 
0010001300002Q 012021945105000193MARCOS DE S. LOPES                      TENENTE POLICIA CARLOS MENDES,232       JARDIM MARISA  13053214CAMPINAS       SP                                                        000                    00000000
0010001300003R 010000000000000000000000000000000000000000000000001160620170000000000001260000000000000000000000000000000000000000000000000000000000000000000000000000000000000000000000000000000000000000000000000000000000000000000000         
0010001300004P 010296290000000178772 28509430427270000   7  220000000000000011207201700000000000630000000 02N1306201720000000000000000000002200000000000000000000000000000000000000000000000000000000000000000000000000000003000000090000000000 
0010001300005Q 012009275012000101COMUNICACAO ESTRATEGICA E MARKETING DIRERUA IRENE RAMOS GOMES DE MATOS, 97/490  PINA           51011530RECIFE         PE                                                        000                    00000000
0010001300006R 010000000000000000000000000000000000000000000000001120720170000000000001260000000000000000000000000000000000000000000000000000000000000000000000000000000000000000000000000000000000000000000000000000000000000000000000         
0010001300007P 010296290000000178772 28509430428300000   7  220000000000000011207201700000000000630000000 02N1306201720000000000000000000002200000000000000000000000000000000000000000000000000000000000000000000000000000003000000090000000000 
0010001300008Q 011000035375940892TATIANA BARTHMANN MOURA                 RUA TUCUNA, 270 APTO 111                PERDIZES       05021010SAO PAULO      SP                                                        000                    00000000
0010001300009R 010000000000000000000000000000000000000000000000001120720170000000000001260000000000000000000000000000000000000000000000000000000000000000000000000000000000000000000000000000000000000000000000000000000000000000000000         
0010001300010P 010296290000000178772 28509430428330000   7  220000000000000011007201700000000000630000000 02N1306201720000000000000000000002200000000000000000000000000000000000000000000000000000000000000000000000000000003000000090000000000 
0010001300011Q 012022159705000199ANDRESSA FRONZA ME                      RUA ALFONSO SOUZA E SILVA, 69           AGUA VERDE     89037035BLUMENAU       SC                                                        000                    00000000
0010001300012R 010000000000000000000000000000000000000000000000001100720170000000000001260000000000000000000000000000000000000000000000000000000000000000000000000000000000000000000000000000000000000000000000000000000000000000000000         
0010001300013P 010296290000000178772 28509430428930000   7  220000000000000011107201700000000000630000000 02N1306201720000000000000000000002200000000000000000000000000000000000000000000000000000000000000000000000000000003000000090000000000 
0010001300014Q 012022200685000152PEDRO LUIZ ALBERTIN BONO MILAN - ME     RUA DR. JOSE BENEDITO VIANA DE MORAES 26VILA SAO FRANCI05351005SAO PAULO      SP                                                        000                    00000000
0010001300015R 010000000000000000000000000000000000000000000000001110720170000000000001260000000000000000000000000000000000000000000000000000000000000000000000000000000000000000000000000000000000000000000000000000000000000000000000         
0010001300016P 010296290000000178772 28509430428950000   7  220000000000000011107201700000000000630000000 02N1306201720000000000000000000002200000000000000000000000000000000000000000000000000000000000000000000000000000003000000090000000000 
0010001300017Q 012026039025000192MAURICIO SORRENTINO SCHIMIDT COMUNICACAORUA JAMIL JOAO ZARIF, 45                MANDAQUI       02405005SAO PAULO      SP                                                        000                    00000000
0010001300018R 010000000000000000000000000000000000000000000000001110720170000000000001260000000000000000000000000000000000000000000000000000000000000000000000000000000000000000000000000000000000000000000000000000000000000000000000         
0010001300019P 010296290000000178772 28509430429280000   7  220000000000000011007201700000000000630000000 02N1306201720000000000000000000002200000000000000000000000000000000000000000000000000000000000000000000000000000003000000090000000000 
0010001300020Q 012018191267000179PAULO L MORAES ELETRONICOS - M          RUA MEXICO, 320 S 01                    JARDIM AMERICA 06756360TABOAO DA SERRASP                                                        000                    00000000
0010001300021R 010000000000000000000000000000000000000000000000001100720170000000000001260000000000000000000000000000000000000000000000000000000000000000000000000000000000000000000000000000000000000000000000000000000000000000000000         
0010001300022P 010296290000000178772 28509430430080000   7  220000000000000010907201700000000000630000000 02N1306201720000000000000000000002200000000000000000000000000000000000000000000000000000000000000000000000000000003000000090000000000 
0010001300023Q 012016882747000150CARLOS ALBERTO DE OLIVEIRA 13221111894 -RUA BRASILINO MARIANO, 36               COHAB IV       14735000SEVERINIA      SP                                                        000                    00000000
0010001300024R 010000000000000000000000000000000000000000000000001090720170000000000001260000000000000000000000000000000000000000000000000000000000000000000000000000000000000000000000000000000000000000000000000000000000000000000000         
0010001300025P 010296290000000178772 28509430430090000   7  220000000000000010907201700000000000630000000 02N1306201720000000000000000000002200000000000000000000000000000000000000000000000000000000000000000000000000000003000000090000000000 
0010001300026Q 012009069869000167C.C.T. CENTRO DE CURSOS DE IDIOMAS E TRARUA CLODOMIRO AMAZONAS 1422, CONJ. 23   VILA OLIMPIA   04537002SAO PAULO      SP                                                        000                    00000000
0010001300027R 010000000000000000000000000000000000000000000000001090720170000000000001260000000000000000000000000000000000000000000000000000000000000000000000000000000000000000000000000000000000000000000000000000000000000000000000         
0010001300028P 010296290000000178772 28509430428830000   7  220000000000000010107201700000000000630000000 02N1306201720000000000000000000002200000000000000000000000000000000000000000000000000000000000000000000000000000003000000090000000000 
0010001300029Q 012019099781000141IMOBILIARIA CAMPO LARGO                 AVENIDA PEDRO PIRES DE MELO, 793        CAMPO LARGO    18160000SALTO DE PIRAPOSP                                                        000                    00000000
0010001300030R 010000000000000000000000000000000000000000000000001010720170000000000001260000000000000000000000000000000000000000000000000000000000000000000000000000000000000000000000000000000000000000000000000000000000000000000000         
0010001300031P 010296290000000178772 28509430429980000   7  220000000000000010507201700000000000630000000 02N1306201720000000000000000000002200000000000000000000000000000000000000000000000000000000000000000000000000000003000000090000000000 
0010001300032Q 012021118621000144SIVINI SIQUEIRA ESCRITORIO DE ADVOCACIA R. ERNESTO DE PAULA SANTOS, 1172        BOA VIAGEM     51021330RECIFE         PE                                                        000                    00000000
0010001300033R 010000000000000000000000000000000000000000000000001050720170000000000001260000000000000000000000000000000000000000000000000000000000000000000000000000000000000000000000000000000000000000000000000000000000000000000000         
0010001300034P 010296290000000178772 28509430430300000   7  220000000000000010707201700000000001260000000 02N1306201720000000000000000000002200000000000000000000000000000000000000000000000000000000000000000000000000000003000000090000000000 
0010001300035Q 012019780591000195JRFERRI SERVICOS DE ESCR ADMIN          RUA ANA MARIA MARTINEZ, 420 APTO 14A    ASSUNCAO       09811000SAO BERNARDO DOSP                                                        000                    00000000
0010001300036R 010000000000000000000000000000000000000000000000001070720170000000000002520000000000000000000000000000000000000000000000000000000000000000000000000000000000000000000000000000000000000000000000000000000000000000000000         
0010001300037P 010296290000000178772 28509430430350000   7  220000000000000010807201700000000000630000000 02N1306201720000000000000000000002200000000000000000000000000000000000000000000000000000000000000000000000000000003000000090000000000 
0010001300038Q 012005952834000110RAM SUPORTE EM TECNOLOGIA LTDA          RUA IRINEU CORREIA DA SILVA, 159        JD SATELITE    04815290SAO PAULO      SP                                                        000                    00000000
0010001300039R 010000000000000000000000000000000000000000000000001080720170000000000001260000000000000000000000000000000000000000000000000000000000000000000000000000000000000000000000000000000000000000000000000000000000000000000000         
0010001300040P 010296290000000178772 28509430430360000   7  220000000000000011007201700000000000630000000 02N1306201720000000000000000000002200000000000000000000000000000000000000000000000000000000000000000000000000000003000000090000000000 
0010001300041Q 012024661884000193E CARDOSO DE OLIVEIRA ESTUDIO DE GRAVACAESTV  VELHA DO PILAR LOTE 02 QUDRA 10   CHACARAS RIO PE25230610DUQUE DE CAXIASRJ                                                        000                    00000000
0010001300042R 010000000000000000000000000000000000000000000000001100720170000000000001260000000000000000000000000000000000000000000000000000000000000000000000000000000000000000000000000000000000000000000000000000000000000000000000         
0010001300043P 010296290000000178772 28509430430370000   7  220000000000000011007201700000000000630000000 02N1306201720000000000000000000002200000000000000000000000000000000000000000000000000000000000000000000000000000003000000090000000000 
0010001300044Q 012005982318000139AVLIS AR CONDICIONADO LTDA - ME         SAO JOSE DO RIO PRETO                   PARQUE INDUSTRI15025070SAO JOSE DO RIOSP                                                        000                    00000000
0010001300045R 010000000000000000000000000000000000000000000000001100720170000000000001260000000000000000000000000000000000000000000000000000000000000000000000000000000000000000000000000000000000000000000000000000000000000000000000         
0010001300046P 010296290000000178772 28509430430380000   7  220000000000000011007201700000000000630000000 02N1306201720000000000000000000002200000000000000000000000000000000000000000000000000000000000000000000000000000003000000090000000000 
0010001300047Q 012013755353000143HOMERO DE FREITAS GUIMARAES RI          RUA GALILEIA, N  362                    PARQUE SAO JOAO32342190CONTAGEM       MG                                                        000                    00000000
0010001300048R 010000000000000000000000000000000000000000000000001100720170000000000001260000000000000000000000000000000000000000000000000000000000000000000000000000000000000000000000000000000000000000000000000000000000000000000000         
0010001300049P 010296290000000178772 28509430430390000   7  220000000000000011007201700000000000630000000 02N1306201720000000000000000000002200000000000000000000000000000000000000000000000000000000000000000000000000000003000000090000000000 
0010001300050Q 012013993580000107ATLAS BROKERS CORRETORA DE SEGUROS LTDA R CAMPOS SALLES, 669                    VILA NOVA      13322060SALTO          SP                                                        000                    00000000
0010001300051R 010000000000000000000000000000000000000000000000001100720170000000000001260000000000000000000000000000000000000000000000000000000000000000000000000000000000000000000000000000000000000000000000000000000000000000000000         
0010001300052P 010296290000000178772 28509430430400000   7  220000000000000011007201700000000000630000000 02N1306201720000000000000000000002200000000000000000000000000000000000000000000000000000000000000000000000000000003000000090000000000 
0010001300053Q 012008684484000147FRANCISCO BELA DEAK ME                  RUA JOAO RAMALHO, 586 AP 42B            PERDIZES       05008900SAO PAULO      SP                                                        000                    00000000
0010001300054R 010000000000000000000000000000000000000000000000001100720170000000000001260000000000000000000000000000000000000000000000000000000000000000000000000000000000000000000000000000000000000000000000000000000000000000000000         
0010001300055P 010296290000000178772 28509430430410000   7  220000000000000011107201700000000000630000000 02N1306201720000000000000000000002200000000000000000000000000000000000000000000000000000000000000000000000000000003000000090000000000 
0010001300056Q 012008955709000152TOSS CONSULTORIA E RESULTADOS ME LTDA   RUA JOSUE DI BERNARDI, 185 SALA 27      CAMPINAS       88101200SAO JOSE       SC                                                        000                    00000000
0010001300057R 010000000000000000000000000000000000000000000000001110720170000000000001260000000000000000000000000000000000000000000000000000000000000000000000000000000000000000000000000000000000000000000000000000000000000000000000         
0010001300058P 010296290000000178772 28509430430420000   7  220000000000000011207201700000000000630000000 02N1306201720000000000000000000002200000000000000000000000000000000000000000000000000000000000000000000000000000003000000090000000000 
0010001300059Q 011000012893968848VALERIA RODRIGUES DOS SANTOS            RUA JOAO CARBONARI JUNIOR 214 BL 28 APTONOVA JUNDIAINOP13210705JUNDIAI        SP                                                        000                    00000000
0010001300060R 010000000000000000000000000000000000000000000000001120720170000000000001260000000000000000000000000000000000000000000000000000000000000000000000000000000000000000000000000000000000000000000000000000000000000000000000         
0010001300061P 010296290000000178772 28509430430430000   7  220000000000000011207201700000000000630000000 02N1306201720000000000000000000002200000000000000000000000000000000000000000000000000000000000000000000000000000003000000090000000000 
0010001300062Q 012023546852000184DMC SERVICOS DE INFORMATICA             RUA PEDRO WIERECK, 15                   AEROPORTO      36038319JUIZ DE FORA   MG                                                        000                    00000000
0010001300063R 010000000000000000000000000000000000000000000000001120720170000000000001260000000000000000000000000000000000000000000000000000000000000000000000000000000000000000000000000000000000000000000000000000000000000000000000         
0010001300064P 010296290000000178772 28509430430440000   7  220000000000000011207201700000000000630000000 02N1306201720000000000000000000002200000000000000000000000000000000000000000000000000000000000000000000000000000003000000090000000000 
0010001300065Q 012017438895000143LUIZ FERNANDO ALVES BARBOSA             CONSELHEIRO JOAO ALFREDO, 349 CASA 02   MACUCO         11015220SANTOS         SP                                                        000                    00000000
0010001300066R 010000000000000000000000000000000000000000000000001120720170000000000001260000000000000000000000000000000000000000000000000000000000000000000000000000000000000000000000000000000000000000000000000000000000000000000000         
0010001300067P 010296290000000178772 28509430430450000   7  220000000000000011207201700000000000630000000 02N1306201720000000000000000000002200000000000000000000000000000000000000000000000000000000000000000000000000000003000000090000000000 
0010001300068Q 012020307246000118ANDINA CLIMATIZACAO E REFRIGERACAO LTDA RUA DR. ISAMAEL DIAS, 115  CASA 4       GUAIAUNA       03631010SAO PAULO      SP                                                        000                    00000000
0010001300069R 010000000000000000000000000000000000000000000000001120720170000000000001260000000000000000000000000000000000000000000000000000000000000000000000000000000000000000000000000000000000000000000000000000000000000000000000         
0010001300070P 010296290000000178772 28509430430460000   7  220000000000000011307201700000000000630000000 02N1306201720000000000000000000002200000000000000000000000000000000000000000000000000000000000000000000000000000003000000090000000000 
0010001300071Q 012021295645000179AMAURI SILVEIRA CORREA TECNOLOGIA DA INFRUA DO ARUANA, 67, AP.114-A             PARQUE RESIDENC12246250SAO JOSE DOS CASP                                                        000                    00000000
0010001300072R 010000000000000000000000000000000000000000000000001130720170000000000001260000000000000000000000000000000000000000000000000000000000000000000000000000000000000000000000000000000000000000000000000000000000000000000000         
0010001300073P 010296290000000178772 28509430430470000   7  220000000000000011307201700000000000630000000 02N1306201720000000000000000000002200000000000000000000000000000000000000000000000000000000000000000000000000000003000000090000000000 
0010001300074Q 012012903744000103CAIO RODRIGUES DA VINHA SERVICOS DE INFORUA COPARA 21                           VILA SANTO HENR03707050SAO PAULO      SP                                                        000                    00000000
0010001300075R 010000000000000000000000000000000000000000000000001130720170000000000001260000000000000000000000000000000000000000000000000000000000000000000000000000000000000000000000000000000000000000000000000000000000000000000000         
0010001300076P 010296290000000178772 28509430430480000   7  220000000000000011307201700000000000630000000 02N1306201720000000000000000000002200000000000000000000000000000000000000000000000000000000000000000000000000000003000000090000000000 
0010001300077Q 012012970431000160JOAO ALFREDO DE ASSIS                   RUA ETELVINA FERREIRA DA CONCEICAO      VILA DYLZE     18112420VOTORANTIM     SP                                                        000                    00000000
0010001300078R 010000000000000000000000000000000000000000000000001130720170000000000001260000000000000000000000000000000000000000000000000000000000000000000000000000000000000000000000000000000000000000000000000000000000000000000000         
0010001300079P 010296290000000178772 28509430430520000   7  220000000000000011307201700000000001260000000 02N1306201720000000000000000000002200000000000000000000000000000000000000000000000000000000000000000000000000000003000000090000000000 
0010001300080Q 012019106420000185QUALITY LEARN CONSULTORIA E TREINAMENTO RUA ABRAHAO CALUX, 123 - SALA 84        VILA MOINHO VEL04286100SAO PAULO      SP                                                        000                    00000000
0010001300081R 010000000000000000000000000000000000000000000000001130720170000000000002520000000000000000000000000000000000000000000000000000000000000000000000000000000000000000000000000000000000000000000000000000000000000000000000         
00100015         000083                                                                                                                                                                                                                         
00199999         000001000085                                                                                                                                                                                                                   
