00100000         296533310000140002850943001417019  0296290000000178772 CONTADOR AMIGO LTDA. - ME     BANCO DO BRASIL S.A                     108062017100619000000000                                                                          
00100011R01  000 2096533310000140002850943001417019  0296290000000178772 CONTADOR AMIGO LTDA. - ME                                                                                     0000000008062017                                         
0010001300001P 010296290000000178772 28509430189870000   7  220000000000000010107201700000000003280000000 02N0806201720000000000000000000002200000000000000000000000000000000000000000000000000000000000000000000000000000003000000090000000000 
0010001300002Q 012031212312000121CONTADOR AMIGO LTDA. - MEI              AV. DAS NACOES UNIDAS, 8501 - 17  ANDAR PINHEIROS      02888811CRAVINHOS      SP                                                        000                    00000000
0010001300003R 010000000000000000000000000000000000000000000000001010720170000000000006560000000000000000000000000000000000000000000000000000000000000000000000000000000000000000000000000000000000000000000000000000000000000000000000         
00100015         000005                                                                                                                                                                                                                         
00199999         000001000007                                                                                                                                                                                                                   
