00100000         296533310000140002850943001417019  0296290000000178772 CONTADOR AMIGO LTDA. - ME     BANCO DO BRASIL S.A                     113062017170630000000000                                                                          
00100011R01  000 2096533310000140002850943001417019  0296290000000178772 CONTADOR AMIGO LTDA. - ME                                                                                     0000000013062017                                         
0010001300001P 010296290000000178772 28509439001220000   7  220000000000000011306201700000000000020000000 02N1306201720000000000000000000002200000000000000000000000000000000000000000000000000000000000000000000000000000003000000090000000000 
0010001300002Q 012022333444555506CONTADOR AMIGO LTDA. - MEI              RUA SANTA CLARA, 378                    PINHEIROS CACHA02990970SAO PAULO      SP                                                        000                    00000000
0010001300003R 010000000000000000000000000000000000000000000000000000000000000000000000000000000000000000000000000000000000000000000000000000000000000000000000000000000000000000000000000000000000000000000000000000000000000000000000         
0010001300004P 010296290000000178772 28509439001230000   7  220000000000000011306201700000000000760000000 02N1306201720000000000000000000002200000000000000000000000000000000000000000000000000000000000000000000000000000003000000090000000000 
0010001300005Q 012022333444555506CONTADOR AMIGO LTDA. - MEI              RUA SANTA CLARA, 378                    PINHEIROS CACHA02990970SAO PAULO      SP                                                        000                    00000000
0010001300006R 010000000000000000000000000000000000000000000000000000000000000000000000000000000000000000000000000000000000000000000000000000000000000000000000000000000000000000000000000000000000000000000000000000000000000000000000         
0010001300007P 010296290000000178772 28509439001240000   7  220000000000000011306201700000000001211100000 02N1306201720000000000000000000002200000000000000000000000000000000000000000000000000000000000000000000000000000003000000090000000000 
0010001300008Q 012022333444555506CONTADOR AMIGO LTDA. - MEI              RUA SANTA CLARA, 378                    PINHEIROS CACHA02990970SAO PAULO      SP                                                        000                    00000000
0010001300009R 010000000000000000000000000000000000000000000000000000000000000000000000000000000000000000000000000000000000000000000000000000000000000000000000000000000000000000000000000000000000000000000000000000000000000000000000         
0010001300010P 010296290000000178772 28509439001270000   7  220000000000000011306201700000000004000000000 02N1306201720000000000000000000002200000000000000000000000000000000000000000000000000000000000000000000000000000003000000090000000000 
0010001300011Q 012022333444555506CONTADOR AMIGO LTDA. - MEI              RUA SANTA CLARA, 378                    PINHEIROS CACHA02990970SAO PAULO      SP                                                        000                    00000000
0010001300012R 010000000000000000000000000000000000000000000000000000000000000000000000000000000000000000000000000000000000000000000000000000000000000000000000000000000000000000000000000000000000000000000000000000000000000000000000         
0010001300013P 010296290000000178772 28509439001280000   7  220000000000000011306201700000000002050000000 02N1306201720000000000000000000002200000000000000000000000000000000000000000000000000000000000000000000000000000003000000090000000000 
0010001300014Q 012022333444555506CONTADOR AMIGO LTDA. - MEI              RUA SANTA CLARA, 378                    PINHEIROS CACHA02990970SAO PAULO      SP                                                        000                    00000000
0010001300015R 010000000000000000000000000000000000000000000000000000000000000000000000000000000000000000000000000000000000000000000000000000000000000000000000000000000000000000000000000000000000000000000000000000000000000000000000         
0010001300016P 010296290000000178772 28509439001290000   7  220000000000000011306201700000000002050000000 02N1306201720000000000000000000002200000000000000000000000000000000000000000000000000000000000000000000000000000003000000090000000000 
0010001300017Q 012022333444555506CONTADOR AMIGO LTDA. - MEI              RUA SANTA CLARA, 378                    PINHEIROS CACHA02990970SAO PAULO      SP                                                        000                    00000000
0010001300018R 010000000000000000000000000000000000000000000000000000000000000000000000000000000000000000000000000000000000000000000000000000000000000000000000000000000000000000000000000000000000000000000000000000000000000000000000         
0010001300019P 010296290000000178772 28509439001300000   7  220000000000000011306201700000000002050000000 02N1306201720000000000000000000002200000000000000000000000000000000000000000000000000000000000000000000000000000003000000090000000000 
0010001300020Q 012022333444555506CONTADOR AMIGO LTDA. - MEI              RUA SANTA CLARA, 378                    PINHEIROS CACHA02990970SAO PAULO      SP                                                        000                    00000000
0010001300021R 010000000000000000000000000000000000000000000000000000000000000000000000000000000000000000000000000000000000000000000000000000000000000000000000000000000000000000000000000000000000000000000000000000000000000000000000         
0010001300022P 010296290000000178772 28509439001310000   7  220000000000000011306201700000000002050000000 02N1306201720000000000000000000002200000000000000000000000000000000000000000000000000000000000000000000000000000003000000090000000000 
0010001300023Q 012022333444555506CONTADOR AMIGO LTDA. - MEI              RUA SANTA CLARA, 378                    PINHEIROS CACHA02990970SAO PAULO      SP                                                        000                    00000000
0010001300024R 010000000000000000000000000000000000000000000000000000000000000000000000000000000000000000000000000000000000000000000000000000000000000000000000000000000000000000000000000000000000000000000000000000000000000000000000         
0010001300025P 010296290000000178772 28509439001320000   7  220000000000000011306201700000000002050000000 02N1306201720000000000000000000002200000000000000000000000000000000000000000000000000000000000000000000000000000003000000090000000000 
0010001300026Q 012022333444555506CONTADOR AMIGO LTDA. - MEI              RUA SANTA CLARA, 378                    PINHEIROS CACHA02990970SAO PAULO      SP                                                        000                    00000000
0010001300027R 010000000000000000000000000000000000000000000000000000000000000000000000000000000000000000000000000000000000000000000000000000000000000000000000000000000000000000000000000000000000000000000000000000000000000000000000         
0010001300028P 010296290000000178772 28509439001330000   7  220000000000000011306201700000000002050000000 02N1306201720000000000000000000002200000000000000000000000000000000000000000000000000000000000000000000000000000003000000090000000000 
0010001300029Q 012022333444555506CONTADOR AMIGO LTDA. - MEI              RUA SANTA CLARA, 378                    PINHEIROS CACHA02990970SAO PAULO      SP                                                        000                    00000000
0010001300030R 010000000000000000000000000000000000000000000000000000000000000000000000000000000000000000000000000000000000000000000000000000000000000000000000000000000000000000000000000000000000000000000000000000000000000000000000         
0010001300031P 010296290000000178772 2850943   7  220000000000000011306201700000000002050000000 02N1306201720000000000000000000002200000000000000000000000000000000000000000000000000000000000000000000000000000003000000090000000000 
0010001300032Q 012022333444555506CONTADOR AMIGO LTDA. - MEI              RUA SANTA CLARA, 378                    PINHEIROS CACHA02990970SAO PAULO      SP                                                        000                    00000000
0010001300033R 010000000000000000000000000000000000000000000000000000000000000000000000000000000000000000000000000000000000000000000000000000000000000000000000000000000000000000000000000000000000000000000000000000000000000000000000         
0010001300034P 010296290000000178772 28509430189880000   7  220000000000000010110201700000000000760000000 02N1306201720000000000000000000002200000000000000000000000000000000000000000000000000000000000000000000000000000003000000090000000000 
0010001300035Q 012022333444555506CONTADOR AMIGO LTDA. - MEI              RUA SANTA CLARA, 378                    PINHEIROS CACHA02990970SAO PAULO      SP                                                        000                    00000000
0010001300036R 010000000000000000000000000000000000000000000000001011020170000000000001520000000000000000000000000000000000000000000000000000000000000000000000000000000000000000000000000000000000000000000000000000000000000000000000         
0010001300037P 010296290000000178772 28509439001360000   7  220000000000000011306201700000000002050000000 02N1306201720000000000000000000002200000000000000000000000000000000000000000000000000000000000000000000000000000003000000090000000000 
0010001300038Q 012022333444555506CONTADOR AMIGO LTDA. - MEI              RUA SANTA CLARA, 378                    PINHEIROS CACHA02990970SAO PAULO      SP                                                        000                    00000000
0010001300039R 010000000000000000000000000000000000000000000000000000000000000000000000000000000000000000000000000000000000000000000000000000000000000000000000000000000000000000000000000000000000000000000000000000000000000000000000         
0010001300040P 010296290000000178772 28509439001370000   7  220000000000000011306201700000000002050000000 02N1306201720000000000000000000002200000000000000000000000000000000000000000000000000000000000000000000000000000003000000090000000000 
0010001300041Q 012022333444555506CONTADOR AMIGO LTDA. - MEI              RUA SANTA CLARA, 378                    PINHEIROS CACHA02990970SAO PAULO      SP                                                        000                    00000000
0010001300042R 010000000000000000000000000000000000000000000000000000000000000000000000000000000000000000000000000000000000000000000000000000000000000000000000000000000000000000000000000000000000000000000000000000000000000000000000         
0010001300043P 010296290000000178772 28509439001380000   7  220000000000000011306201700000000002050000000 02N1306201720000000000000000000002200000000000000000000000000000000000000000000000000000000000000000000000000000003000000090000000000 
0010001300044Q 012022333444555506CONTADOR AMIGO LTDA. - MEI              RUA SANTA CLARA, 378                    PINHEIROS CACHA02990970SAO PAULO      SP                                                        000                    00000000
0010001300045R 010000000000000000000000000000000000000000000000000000000000000000000000000000000000000000000000000000000000000000000000000000000000000000000000000000000000000000000000000000000000000000000000000000000000000000000000         
0010001300046P 010296290000000178772 28509439001390000   7  220000000000000011306201700000000000290200000 02N1306201720000000000000000000002200000000000000000000000000000000000000000000000000000000000000000000000000000003000000090000000000 
0010001300047Q 012022333444555506CONTADOR AMIGO LTDA. - MEI              RUA SANTA CLARA, 378                    PINHEIROS CACHA02990970SAO PAULO      SP                                                        000                    00000000
0010001300048R 010000000000000000000000000000000000000000000000000000000000000000000000000000000000000000000000000000000000000000000000000000000000000000000000000000000000000000000000000000000000000000000000000000000000000000000000         
0010001300049P 010296290000000178772 28509439001400000   7  220000000000000011306201700000000000234400000 02N1306201720000000000000000000002200000000000000000000000000000000000000000000000000000000000000000000000000000003000000090000000000 
0010001300050Q 012022333444555506CONTADOR AMIGO LTDA. - MEI              RUA SANTA CLARA, 378                    PINHEIROS CACHA02990970SAO PAULO      SP                                                        000                    00000000
0010001300051R 010000000000000000000000000000000000000000000000000000000000000000000000000000000000000000000000000000000000000000000000000000000000000000000000000000000000000000000000000000000000000000000000000000000000000000000000         
0010001300052P 010296290000000178772 28509439001410000   7  220000000000000011306201700000000000234400000 02N1306201720000000000000000000002200000000000000000000000000000000000000000000000000000000000000000000000000000003000000090000000000 
0010001300053Q 012022333444555506CONTADOR AMIGO LTDA. - MEI              RUA SANTA CLARA, 378                    PINHEIROS CACHA02990970SAO PAULO      SP                                                        000                    00000000
0010001300054R 010000000000000000000000000000000000000000000000000000000000000000000000000000000000000000000000000000000000000000000000000000000000000000000000000000000000000000000000000000000000000000000000000000000000000000000000         
0010001300055P 010296290000000178772 28509431189880000   7  220000000000000010110201700000000003280000000 02N1306201720000000000000000000002200000000000000000000000000000000000000000000000000000000000000000000000000000003000000090000000000 
0010001300056Q 012022333444555506CONTADOR AMIGO LTDA. - MEI              RUA SANTA CLARA, 378                    PINHEIROS CACHA02990970SAO PAULO      SP                                                        000                    00000000
0010001300057R 010000000000000000000000000000000000000000000000001011020170000000000006560000000000000000000000000000000000000000000000000000000000000000000000000000000000000000000000000000000000000000000000000000000000000000000000         
0010001300058P 010296290000000178772 28509439001430000   7  220000000000000011306201700000000003000000000 02N1306201720000000000000000000002200000000000000000000000000000000000000000000000000000000000000000000000000000003000000090000000000 
0010001300059Q 012022333444555506CONTADOR AMIGO LTDA. - MEI              RUA SANTA CLARA, 378                    PINHEIROS CACHA02990970SAO PAULO      SP                                                        000                    00000000
0010001300060R 010000000000000000000000000000000000000000000000000000000000000000000000000000000000000000000000000000000000000000000000000000000000000000000000000000000000000000000000000000000000000000000000000000000000000000000000         
0010001300061P 010296290000000178772 28509439001440000   7  220000000000000011306201700000000000300000000 02N1306201720000000000000000000002200000000000000000000000000000000000000000000000000000000000000000000000000000003000000090000000000 
0010001300062Q 012022333444555506CONTADOR AMIGO LTDA. - MEI              RUA SANTA CLARA, 378                    PINHEIROS CACHA02990970SAO PAULO      SP                                                        000                    00000000
0010001300063R 010000000000000000000000000000000000000000000000000000000000000000000000000000000000000000000000000000000000000000000000000000000000000000000000000000000000000000000000000000000000000000000000000000000000000000000000         
0010001300064P 010296290000000178772 28509439001450000   7  220000000000000011306201700000000001000000000 02N1306201720000000000000000000002200000000000000000000000000000000000000000000000000000000000000000000000000000003000000090000000000 
0010001300065Q 012022333444555506CONTADOR AMIGO LTDA. - MEI              RUA SANTA CLARA, 378                    PINHEIROS CACHA02990970SAO PAULO      SP                                                        000                    00000000
0010001300066R 010000000000000000000000000000000000000000000000000000000000000000000000000000000000000000000000000000000000000000000000000000000000000000000000000000000000000000000000000000000000000000000000000000000000000000000000         
0010001300067P 010296290000000178772 28509439001460000   7  220000000000000011306201700000000010000000000 02N1306201720000000000000000000002200000000000000000000000000000000000000000000000000000000000000000000000000000003000000090000000000 
0010001300068Q 012022333444555506CONTADOR AMIGO LTDA. - MEI              RUA SANTA CLARA, 378                    PINHEIROS CACHA02990970SAO PAULO      SP                                                        000                    00000000
0010001300069R 010000000000000000000000000000000000000000000000000000000000000000000000000000000000000000000000000000000000000000000000000000000000000000000000000000000000000000000000000000000000000000000000000000000000000000000000         
00100015         000071                                                                                                                                                                                                                         
00199999         000001000073                                                                                                                                                                                                                   
